1982 3340
283 209 312 249 ii
677 209 711 252 Ι.
746 209 780 252 Ι.
813 209 865 252 R.
904 211 988 252 AD
1023 211 1357 254 AESCHINEM

283 316 455 354 civilium
481 317 736 368 gerendarum
765 319 946 369 peritum,
966 319 1126 358 doctum
1157 320 1299 371 ipsum,
1320 327 1358 358 et
1387 320 1591 359 doctorum
1612 333 1744 360 arnan-

281 384 372 425 tem,
394 379 671 431 literarumque
690 382 947 419 ornandarum
977 382 1208 429 studiosum,
1230 397 1275 421 ex
1301 383 1364 421 illa
1384 383 1546 433 epistola
1565 383 1743 435 intelligi-

282 447 358 480 tur.
387 444 428 490 2)
461 442 660 480 AEschinis
696 442 776 480 vita
800 444 857 493 (p.
878 447 943 482 10.
974 444 1037 481 ed.
1077 449 1251 493 nostrae.)
1306 445 1347 492 3)
1378 444 1578 494 Apollonii
1605 445 1744 494 praefa-

282 505 429 542 tionem
449 508 504 556 (p.
518 508 602 554 12.)
622 509 663 554 4)
682 512 951 555 argumentum
972 506 1008 543 in
1028 506 1299 545 Timareheam
1320 511 1374 557 (p.
1396 509 1478 554 17.)
1504 508 1546 554 5)
1571 506 1675 544 aliud
1704 508 1742 545 in

279 566 445 605 eandem
465 570 520 618 (p.
539 569 622 615 19.)
646 570 686 615 6)
705 580 853 617 argum.
874 567 911 605 in
928 581 984 606 or.
1005 570 1085 618 περὶ
1106 585 1273 620 παραπρ.
1292 572 1346 619 (p.
1371 571 1476 616 185.)
1495 572 1534 615 7)
1549 571 1632 618 περὶ
1653 570 1741 607 στά-

279 645 373 672 σεως
401 634 464 668 τοῦ
495 633 589 668 κατά
621 637 869 682 κτησιψῶντος
898 632 1016 678 λόγου
1049 633 1104 681 (p.
1126 635 1217 670 352.
1239 632 1347 682 pen.)
1404 635 1444 679 8)
1472 637 1741 681 argumentum

277 698 373 729 orat.
393 692 431 729 in
454 691 752 742 Ctesiphontem
773 694 826 742 (p.
843 694 951 738 348.)
970 692 1121 730 Horum
1150 693 1443 743 opusculorum,
1465 693 1530 730 illa
1558 699 1741 743 quatuor,

277 766 367 802 quae
389 753 560 792 numeris
579 758 617 808 2.
634 758 671 798 3.
692 759 730 792 4.
747 761 787 793 et
806 759 843 793 5.
864 754 1010 803 notavi,
1040 755 1233 793 Henrieus
1264 756 1500 807 Stephanus,
1528 757 1641 807 lapsu
1665 770 1742 794 me-

278 816 413 853 moriae
444 815 701 866 praetervidit,
722 831 809 855 cum
841 817 934 854 dare
966 817 1169 868 voluisset,
1201 818 1359 856 oblitus.
1417 819 1498 856 Cur
1520 819 1622 856 enim
1654 819 1739 856 haec

279 878 361 916 sola
379 878 584 923 omisisset,
606 879 674 928 qui
695 878 847 928 reliqua
874 878 991 927 hujus
1021 878 1155 917 farinae
1189 880 1378 931 opuscula
1406 880 1608 918 reddidit?
1638 881 1680 918 P.
1701 885 1739 921 7.

276 939 432 977 demum
453 940 628 991 corporis
650 940 784 977 Aldini
806 939 946 990 incipit
966 940 1090 978 oratio
1107 941 1145 978 in
1164 941 1428 987 Timarchum,
1451 941 1670 992 procedens
1691 941 1741 978 ad

275 1014 315 1052 p.
336 1006 400 1040 30.
423 1001 512 1040 inde
529 1002 578 1040 ad
599 1016 639 1053 p.
661 1007 724 1040 52.
747 1002 890 1053 legitur
909 1002 1035 1039 oratio
1056 1001 1105 1040 de
1124 1001 1219 1041 falsa
1240 1004 1450 1054 legatione.
1508 1004 1552 1040 ln
1573 1004 1687 1053 cujus
1704 1009 1742 1040 et

275 1063 463 1101 orationis
482 1069 522 1101 et
542 1064 694 1114 paginae
715 1063 821 1101 exitu
840 1063 983 1113 legitur
1012 1062 1290 1115 fragmentum,
1318 1066 1451 1102 nescio
1473 1065 1586 1115 cujus
1612 1078 1740 1114 gram-

273 1126 407 1164 matici
426 1125 745 1164 annotatiuncula
766 1139 788 1163 a
802 1126 947 1164 Wolfio
965 1131 1003 1164 et
1025 1126 1241 1177 Stephano,
1257 1128 1423 1177 ipsoque
1440 1127 1540 1164 adeo
1560 1127 1741 1177 Tayloro,

274 1188 487 1239 praeterita,
512 1200 535 1226 a
563 1201 624 1225 me
646 1187 800 1226 reddita
825 1201 864 1238 p.
889 1194 982 1227 353.
1005 1202 1099 1226 meae
1130 1188 1329 1226 editionis.
1351 1191 1384 1226 A
1406 1201 1443 1238 p.
1466 1192 1530 1225 53.
1560 1188 1742 1226 editionis

274 1251 432 1289 Aldinae
452 1263 538 1288 orsa
559 1250 683 1287 oratio
704 1250 744 1287 in
765 1249 1062 1300 Ctesiphontem
1085 1251 1283 1301 procurrit
1303 1263 1429 1300 usque
1449 1249 1496 1288 ad
1528 1263 1568 1300 p.
1595 1254 1659 1287 85.
1690 1251 1738 1287 A.

274 1327 315 1364 p.
346 1317 410 1352 86.
443 1311 636 1362 incipiunt
664 1310 861 1348 orationes
888 1311 1016 1362 Lysiae
1050 1324 1173 1362 usque
1202 1311 1251 1349 ad
1281 1324 1320 1361 p.
1351 1317 1445 1353 177.
1478 1316 1742 1349 excurrentes.

273 1376 435 1421 Eadem,
457 1387 574 1424 quam
596 1373 714 1411 modo
734 1373 829 1418 dixi,
851 1373 993 1424 pagina
1014 1374 1148 1423 incipit
1170 1372 1456 1411 Alcidamantis
1477 1371 1653 1415 ὀδυσσεὺς
1675 1389 1740 1410 κα-

272 1440 319 1477 τὰ
338 1437 596 1489 παλαμὴδους,
617 1435 834 1487 προδοσίας.
854 1448 893 1486 p.
921 1440 1006 1473 180.
1030 1436 1169 1486 legitur
1188 1434 1432 1473 Antisthenis
1454 1434 1571 1484 Aiax,
1587 1448 1627 1486 p.
1651 1440 1741 1473 181.

272 1499 450 1549 ejusdem
480 1499 652 1549 Ulysses‚
682 1510 721 1547 p.
752 1502 844 1536 184.
901 1497 1098 1536 Demades
1127 1499 1290 1548 περὶτῆς
1312 1497 1563 1540 δωδεκαετίας.
1587 1510 1626 1548 p.
1651 1501 1740 1536 185.

273 1561 446 1612 denique
477 1574 600 1610 usque
629 1559 677 1597 ad
710 1572 749 1609 p.
778 1563 863 1598 197.
897 1571 986 1608 quae
1015 1559 1129 1609 primi
1162 1560 1277 1608 hujus
1297 1559 1430 1597 Aldini
1451 1559 1656 1597 voluminis
1683 1564 1743 1597 est

272 1624 421 1669 ultima,
450 1622 590 1673 legitur
620 1620 696 1658 vita
728 1621 854 1671 Lysim
889 1633 910 1658 a
948 1620 1138 1672 Dionysio
1170 1621 1471 1659 Halicarnasseo
1505 1621 1741 1672 conscripta.

273 1686 497 1725 Secundum
530 1684 708 1722 volumen
742 1683 927 1720 Aldinum
957 1683 1042 1720 haec
1075 1683 1205 1720 habet.
1254 1686 1293 1730 1)
1322 1682 1543 1720 Andocidis
1571 1689 1743 1732 quatuor

272 1750 484 1786 orationes.
521 1749 561 1793 2)
582 1744 671 1782 Isaei
692 1743 843 1782 decem.
885 1748 924 1792 3)
948 1744 1134 1782 Dinarchi
1157 1749 1246 1780 tres,
1288 1745 1329 1790 4)
1353 1743 1608 1793 Antiphontis
1629 1743 1743 1794 quin-

273 1810 416 1848 decim.
444 1810 485 1857 5)
516 1806 684 1859 Lycurgi
714 1819 842 1844 unam.
874 1808 915 1855 G)
937 1805 1100 1855 Gorgiae
1127 1818 1242 1842 unam
1263 1818 1335 1855 pro
1356 1805 1577 1843 Palamede.
1607 1807 1651 1854 ’7)
1675 1807 1743 1843 Le-

272 1871 471 1911 sbonactis
491 1870 600 1908 duas.
631 1870 671 1916 8)
698 1867 865 1905 Herodis
884 1880 1013 1914 unam,
1036 1869 1072 1905 in
1095 1880 1173 1917 qua
1192 1866 1278 1904 finit
1299 1867 1384 1903 haec
1409 1872 1607 1904 oratorum
1628 1868 1742 1905 Grae-

273 1946 410 1973 corum
430 1931 572 1970 Aldina
592 1929 770 1968 collectio
801 1942 840 1980 p.
863 1933 953 1967 161.
975 1942 1091 1980 quam
1115 1928 1283 1974 recudit,
1303 1934 1347 1965 ut
1367 1924 1490 1978 paulo
1512 1934 1604 1978 post
1622 1929 1743 1979 pluri-

273 1997 346 2034 bus
366 1995 534 2043 dicetur,
554 1991 748 2030 Henricus
776 1991 1010 2041 Stephanus,
1030 1990 1164 2029 ordine
1183 1990 1339 2040 paulum
1367 1989 1585 2036 immutato,
1614 1997 1653 2028 et
1674 1991 1742 2027 ini-

270 2069 433 2103 memor,
464 2060 607 2107 praeter
636 2054 735 2091 hanc
762 2053 1032 2091 collectionem
1064 2058 1263 2090 oratorum
1293 2052 1527 2089 Graecorum
1556 2052 1607 2090 ab
1637 2053 1742 2090 Aldo

273 2125 462 2164 curatam,
483 2117 612 2155 adhuc
645 2129 729 2154 esse
759 2115 886 2160 aliam,
909 2116 990 2153 sine
1013 2128 1090 2166 qua
1116 2115 1183 2152 illa
1212 2114 1407 2164 superior,
1437 2115 1486 2152 de
1507 2127 1584 2165 qua
1612 2115 1740 2152 adhuc

272 2182 454 2227 diximus,
487 2178 720 2230 imperfecta
757 2184 817 2215 est
852 2178 1045 2216 habenda.
1117 2177 1219 2215 Sunt
1251 2177 1353 2213 enim
1385 2176 1424 2214 in
1459 2176 1533 2214 hac
1568 2177 1742 2215 secunda

271 2243 506 2282 collectione
538 2239 725 2278 nonnulla
758 2239 947 2290 opuscula
980 2238 1195 2277 eorundem
1229 2244 1446 2282 auctorum,
1480 2251 1580 2288 quos
1615 2238 1742 2288 prima

271 2304 457 2344 collectio
480 2301 770 2352 complectitur,
797 2301 932 2351 primae
952 2300 1190 2347 deficientia,
1212 2307 1252 2338 et
1272 2300 1362 2337 hinc
1384 2299 1626 2350 supplenda3
1655 2300 1740 2338 scil.

271 2366 556 2406 Alcidamantis
583 2364 709 2403 oratio
738 2362 776 2400 in
807 2363 1022 2413 Sopliistas,
1048 2369 1089 2401 et
1119 2363 1282 2413 Gorgiae
1309 2364 1529 2400 encomium
1561 2363 1740 2409 Helenae,

273 2442 363 2481 quae
396 2429 523 2467 Aldus
561 2426 697 2465 eodem
737 2426 786 2463 A.
828 2429 944 2463 1513.
984 2438 1060 2463 una
1096 2438 1184 2462 cum
1220 2425 1394 2462 isocrate
1433 2438 1505 2462 suo
1543 2424 1668 2462 edidit
1703 2438 1739 2464 v.

270 2492 422 2530 Fabric.
456 2491 498 2528 P.
527 2490 580 2527 G.
610 2488 660 2525 T.
692 2486 807 2524 XIII.
841 2499 882 2536 p.
915 2491 1008 2525 606.
1065 2487 1116 2524 H.
1139 2486 1362 2536 Stephanus
1396 2499 1472 2523 non
1507 2491 1584 2523 tam
1614 2487 1742 2524 cousi-

272 2555 325 2592 lio
357 2566 403 2591 ea
437 2552 487 2590 ab
522 2549 692 2588 editione
725 2561 792 2586 sua
825 2548 1003 2594 exclusit,
1038 2561 1154 2598 quam
1188 2547 1382 2597 ignorans,
1417 2547 1521 2585 edita
1556 2547 1607 2585 ab
1636 2548 1740 2585 Aldo

273 2628 373 2660 esse,
406 2611 629 2652 transmisit.
685 2611 935 2660 Quamquam
957 2609 1075 2647 audio
1102 2609 1240 2647 eadem
1271 2609 1472 2658 opuscula,
1497 2621 1585 2658 quae
1613 2608 1738 2646 Aldus

272 2690 361 2714 cum
402 2689 471 2713 suo
500 2675 674 2713 Isocrate
712 2670 847 2717 edidit,
882 2684 904 2708 a
939 2671 1142 2721 Stephano
1180 2682 1257 2707 una
1289 2683 1376 2708 cum
1411 2670 1532 2720 ipsius
1564 2671 1738 2708 Isocrate

272 2737 427 2776 reddita
448 2750 545 2775 esse.
592 2736 676 2784 Ego
693 2746 795 2778 veru,
817 2746 904 2769 cuni
925 2733 1017 2770 illuc
1039 2732 1250 2782 aliquando
1270 2744 1497 2782 pervenere,
1519 2731 1550 2768 si
1571 2744 1640 2781 per
1659 2731 1741 2770 fata

270 2798 420 2843 licebit,
441 2798 520 2835 duo
546 2798 622 2843 illa,
647 2794 806 2845 Gorgiae
834 2794 1012 2840 alterum,
1043 2794 1204 2831 alterum
1229 2792 1526 2838 Ale-{damantis
1547 2794 1739 2842 opuscula

271 2861 361 2898 loco
378 2874 447 2898 suo
471 2859 642 2896 reddam.
680 2859 830 2904 Codex,
852 2857 956 2895 unde
974 2856 1100 2894 Aldus
1121 2855 1192 2893 hos
1208 2861 1381 2893 oratores
1397 2854 1535 2899 edidit,
1551 2854 1587 2892 in
1605 2863 1738 2893 monte

272 2922 380 2961 At'no
410 2935 430 2958 a
467 2920 724 2957 Constantino
759 2921 923 2958 Lascare
955 2922 1143 2967 repertus,
1165 2917 1268 2954 illinc
1298 2915 1530 2953 Florentiam
1563 2917 1737 2966 perlatus

273 2991 344 3032 est,
365 2983 430 3023 ubi
451 2982 581 3021 adhuc
612 2983 649 3019 in
683 2995 777 3029 gaza
808 2980 940 3029 Magni
965 2980 1086 3018 Ducis
1114 2986 1347 3018 asservatur.
1365 2992 1399 3016 v.
1423 2977 1587 3015 Eandini
1609 2978 1735 3017 Catal.
