1932 3322
383 172 467 216 AD
501 174 599 217 OR.
632 173 822 216 AESCH.
857 172 978 215 PRO
1012 172 1128 214 SUA
1162 172 1371 214 LEGAT.

134 264 165 295 in
178 265 260 295 bello
276 265 425 296 adversus
441 276 497 296 nos
513 270 658 305 suscepto
676 275 741 296 eam
759 265 846 295 nobis

131 309 294 347 eripueris,
307 309 400 338 armis
414 309 476 338 tuis
488 314 693 348 expugnatam
711 313 846 347 captam-

132 361 207 390 que.
243 352 327 381 Nihil
344 352 542 382 obscuritatis
558 363 615 391 ego
640 351 780 389 equidem
797 352 846 380 hic

131 403 237 423 cerno.

174 436 250 466 ibid.
278 448 308 466 v.
334 439 365 467 7.
390 434 478 478 εἷλες]
512 433 589 472 Εῖλες
612 436 692 465 inter
715 441 746 466 et
771 435 846 478 εἶχες

130 479 265 518 ambigo.

174 522 200 561 §.
216 521 249 551 ιέ.
266 533 296 561 Ρ.
313 524 365 554 98.
390 533 420 552 v.
436 532 507 561 pen.
527 520 623 562 μικρὸν
639 521 697 562 ——]
722 522 845 552 Oratio-

130 575 260 603 nemque
285 576 356 594 cum
382 565 540 604 paululum
563 565 594 594 iu
612 565 780 595 vetustiora
795 576 844 596 ea-

130 618 199 637 rum
227 618 340 643 rerum,
367 609 407 638 de
434 608 546 647 quibus
579 615 723 647 ageretur
753 613 844 648 atque

129 651 377 688 contenderetur‚
407 652 503 681 veluti
534 659 643 681 navem
676 652 706 682 in
739 653 844 689 altum,

129 693 295 733 adegisset.

171 747 203 776 p.
221 739 271 769 99.
286 748 316 767 v.
333 739 363 767 2.
378 735 496 777 νομίζειν
509 756 553 761 —
568 736 689 779 οἴεσθαι]
712 738 844 777 Stepha-

127 789 186 809 nus
211 780 409 810 existimabet
432 781 612 811 alterutrum
643 792 711 811 esse
738 781 843 811 delen-

127 823 213 852 dum.
245 823 326 853 Mihi
342 834 400 853 non
416 828 533 854 tantum
551 824 625 853 nihil
642 824 691 854 bic
706 824 768 854 loci
784 826 842 854 tol-

126 864 264 901 lendum,
279 867 332 896 sed
348 867 400 896 vel
422 868 596 897 addendum
613 868 702 897 etiam
720 868 843 898 videtur

125 918 210 944 esse,
223 910 262 939 ad
277 910 358 939 huuc
373 910 469 941 ferme
486 911 618 941 modum.
642 910 691 940 καὶ
707 912 750 950 μὴ
765 910 842 950 νομί-

126 950 182 989 ζειν
196 950 398 986 ἐκβεβλῆσθαι
411 954 480 994 (aut
502 952 681 1005 {nmo-ens
669 955 763 993 ὠσπερ
778 955 842 989 τοὺς

124 993 153 1024 ἐν
166 995 227 1029 τοῖς
242 995 384 1036 θεάτροις,
396 996 442 1027 διὰ
454 995 488 1026 τὸ
503 994 609 1026 οἴεσθαί
623 1008 652 1026 τι
667 996 841 1027 πεπονθέναι.

125 1047 225 1076 neque
245 1043 413 1078 propterea
434 1040 638 1076 solummodo,
660 1040 742 1078 quod
769 1051 841 1070 con-

126 1081 229 1110 sessui
255 1081 341 1112 visus
367 1087 452 1112 esset
478 1083 600 1112 humaui
628 1083 702 1122 quid
728 1093 840 1121 passus

126 1134 206 1159 esse,
227 1124 417 1162 existimare,
434 1136 466 1155 se
482 1127 521 1155 ab
538 1126 592 1155 illo
615 1136 764 1155 consessu
786 1137 841 1155 ex-

123 1167 247 1205 plosum
271 1175 302 1197 et
325 1171 457 1208 ejectum
478 1179 560 1204 esse,
583 1169 841 1209 quemadmodum

125 1209 291 1240 histriones
307 1221 401 1241 scena
416 1211 487 1251 ejici
506 1211 636 1246 soleant,
653 1210 679 1240 si
696 1220 772 1250 quos
794 1210 841 1240 in-

125 1256 175 1282 ter
186 1253 377 1283 recitandum
392 1253 540 1284 memoria
557 1254 716 1284 destituat.

167 1295 193 1335 §.
215 1294 264 1330 ις’.
280 1307 312 1336 p.
331 1299 403 1327 100.
420 1307 450 1327 v.
466 1298 520 1326 12.
535 1296 681 1338 διαφορᾶς]
708 1296 840 1327 Videtur

125 1337 158 1368 in
175 1340 309 1378 antiquis
325 1340 412 1370 libris
429 1339 549 1379 gemina
572 1340 664 1379 hujus
689 1340 750 1370 loci
771 1351 839 1370 ver-

122 1386 191 1412 sata
212 1383 308 1413 fuisse
331 1383 437 1419 lectio,
461 1384 558 1413 altera
581 1384 717 1422 vulgata,
733 1385 841 1420 altera,

124 1435 194 1464 quae
216 1436 271 1464 pro
287 1425 380 1456 αἰτίου
395 1427 484 1457 daret
509 1425 542 1456 ἐκ
563 1428 613 1456 τοῦ
634 1425 838 1457 ἐναντιοῦσθαι.

120 1468 196 1509 (non
213 1474 314 1499 autern
337 1467 485 1511 ἐναντίου.)
501 1471 583 1510 quasi
604 1480 636 1499 ez
659 1470 840 1501 oblocutione

123 1511 232 1542 bellum
254 1518 283 1542 et
303 1513 460 1543 discidium
482 1519 549 1543 esset
570 1513 754 1544 exstiturum.
772 1525 839 1553 quae

121 1553 217 1584 lectio
234 1557 338 1585 nescio
354 1567 392 1586 an
412 1556 523 1586 melior
537 1556 628 1586 etiam
645 1556 686 1586 sit
703 1555 838 1597 rulgata,

122 1607 192 1637 quae
207 1598 283 1629 alias
298 1610 357 1629 non
374 1605 422 1629 est
438 1600 670 1630 contemnenda.

164 1640 261 1682 §.§'1<.
287 1653 319 1682 p.
340 1645 412 1672 100.
437 1654 468 1672 v.
496 1643 552 1673 ult.
579 1641 612 1672 τὸ
639 1640 836 1684 παλίμβολον]

126 1684 234 1714 Malim
259 1685 271 1714 ὁ
295 1682 488 1725 παλίμὲολος,
507 1691 540 1715 ut
562 1687 654 1716 modo
682 1687 694 1716 ὁ
715 1698 745 1716 κε
738 1685 837 1727 ρκωψ.

166 1731 288 1766 p.101.
311 1731 385 1759 v.3.
407 1728 548 1770 εἶσοίσειν]
572 1729 713 1768 Expulsa
730 1731 771 1760 W
775 1730 838 1759 olfii

122 1773 308 1810 conjectura,
325 1773 402 1802 bona
418 1773 522 1812 pravis
535 1773 837 1808 mutante,revocavi

123 1818 256 1844 veterem
274 1817 400 1854 probam
417 1816 581 1845 lectionem
597 1816 763 1845 συστήσειν.

165 1857 192 1896 §.
207 1857 244 1887 1⁷¹1.
261 1870 290 1898 p.
305 1861 380 1888 101.
395 1869 426 1888 v.
444 1862 495 1889 14.
513 1870 576 1888 τινα
592 1858 708 1899 ἑαυτοῦ]
735 1859 836 1888 Velim

124 1900 269 1931 interseri
285 1903 345 1937 τῆς.

144 1972 149 1975 .
165 1944 242 1974 ibid.
260 1956 289 1974 v.
305 1946 354 1975 15.
377 1944 464 1986 χρόνῳ
481 1945 530 1975 καὶ
553 1943 615 1986 ῥίῳ]
641 1945 698 1975 Est
712 1944 836 1976 hendia-

121 1987 204 2023 δυοῖν,
218 1998 274 2026 pro
287 1987 373 2028 χρόνῳ
387 1989 437 2018 τοῦ
451 1986 522 2021 βίου.

163 2030 242 2060 ibid.
271 2041 299 2060 v.
327 2033 377 2060 17.
397 2030 604 2070 ἀνακροτήσας]
631 2031 695 2061 Aut
718 2030 769 2060 hic
790 2035 838 2061 est

121 2083 178 2113 pro
194 2073 402 2114 συγκροτήσας,
419 2074 559 2104 autillud
574 2075 625 2103 ἀνὰ
641 2074 670 2103 in
683 2074 740 2103 hac
756 2084 838 2103 com-

121 2117 277 2156 positione
293 2117 484 2147 iterationem
502 2123 533 2147 et
553 2117 839 2156 frequentationem,

121 2161 227 2190 ilerum
250 2166 337 2200 utque
360 2162 467 2191 iterum
493 2171 560 2190 cum
587 2170 693 2190 munus
715 2161 837 2199 complo-

122 2204 212 2243 sisset,

163 2246 189 2286 §.
211 2245 262 2277 13¹.
277 2257 309 2286 Ρ.
330 2250 402 2278 102.
422 2257 453 2277 v.
476 2247 531 2276 ult.
553 2245 581 2276 οἳ
597 2246 644 2276 καὶ
665 2247 724 2281 τοῖς
749 2245 839 2285 λόγοις

122 2288 170 2318 καὶ
197 2289 235 2330 τῇ
258 2289 357 2321 πίστει
383 2289 512 2329 λέγοντες
534 2289 605 2329 ἄξιοι
631 2288 703 2320 ἦσαν
728 2302 759 2320 τ.
776 2291 835 2331 wa]

123 2332 202 2362 Post
227 2331 336 2364 wia-‘ret
361 2334 482 2363 addidit
509 2334 602 2363 Wolf
624 2334 662 2362 de
690 2344 746 2363 sun
773 2333 839 2363 haec

121 2376 215 2404 verba
230 2376 278 2405 καὶ
300 2375 483 2416 πςάττοντὲς
499 2387 531 2406 τε
554 2374 612 2406 καί.
629 2387 697 2416 quae
713 2376 838 2415 Taylori

121 2429 242 2458 quoque
259 2420 379 2450 recoxit
392 2420 500 2455 editio,
511 2430 568 2458 pro
582 2430 678 2455 more,
690 2420 760 2458 plus
773 2420 837 2454 illa,

121 2471 211 2500 quam
227 2462 378 2492 criticum
397 2464 537 2497 decebat,
554 2463 585 2492 in
605 2463 791 2493 renovandis
808 2467 838 2492 et

121 2506 330 2544 propagandis
343 2506 452 2535 Wolfii
468 2506 633 2542 erroribus,
645 2512 676 2535 et
697 2505 838 2545 imperiis

122 2547 203 2577 ultro
231 2549 352 2585 sumtis,
379 2549 537 2598 religiosa.
575 2549 683 2579 Lectio
710 2549 838 2587 Stepha-

121 2589 216 2626 ninae,
231 2602 271 2620 ex
287 2592 399 2622 Aldina
420 2592 564 2632 repetita,
580 2592 654 2621 mihi
671 2592 745 2621 satis
769 2603 838 2631 pro—

122 2633 222 2669 batur,
242 2645 309 2673 quae
325 2634 385 2664 hoc
401 2636 479 2665 vult.
497 2634 524 2664 οἳ
545 2633 571 2664 ἐν
590 2635 635 2674 τῷ
657 2634 745 2673 λέγειν
765 2636 838 2676 [hoc

121 2681 180 2711 est,
202 2675 229 2706 ἐν
254 2677 297 2716 τῷ
317 2677 509 2716 διαλέγεσθαι
537 2676 671 2716 Φιλίππῳ
693 2677 769 2718 cwig
789 2690 840 2712 ’της

121 2717 298 2760 πρεσβείας]
314 2719 486 2760 ἐπέδειξαν
478 2732 595 2754 εοιυτους
615 2720 707 2760 ἀξίους
722 2723 773 2755 τῆς
787 2722 839 2751 πό-

121 2766 202 2797 λεως,
217 2774 266 2792 και
291 2761 369 2792 irena
393 2766 447 2793 τῶν
472 2763 560 2801 λόγων
585 2762 634 2804 [ων
657 2763 739 2794 εἶπον
753 2769 839 2804 puta,

121 2804 170 2833 κοιῖ
195 2806 246 2840 τῆς
261 2807 315 2834 τῶν
320 2805 419 2856 ηλόγων
439 2806 580 2845 δυνάμεως
599 2818 646 2835 και
671 2807 839 2848 δεινότητος]

121 2846 171 2876 nni
197 2845 235 2877 ε’ν.
226 2858 274 2876 κα
297 2849 348 2883 τῆς
374 2846 508 2883 πίστεως.
534 2851 583 2889 qui
603 2850 686 2879 rerba
709 2861 764 2889 pro
780 2861 840 2890 rep.

113 2887 274 2930 facientes,
288 2891 435 2931 verbisque
448 2892 569 2931 fideque
584 2894 670 2934 digni
691 2903 725 2923 ca
740 2900 840 2923 essent.

124 2931 220 2980 Digni
236 2944 302 2983 rep.
319 2939 391 2964 sunt
406 2935 499 2974 legati
512 2935 554 2971 hi,
566 2937 618 2974 qui
615 2918 663 2965 set
680 2941 839 2975 exspecta—

127 2974 203 3006 tioni
219 2976 332 3007 civium
346 2977 386 3008 de
408 2988 441 3008 se
460 2985 617 3018 conceptae
637 2979 840 3016 satisfaciunt,

1487 163 1598 218 339

883 268 917 294 ut
940 263 1016 293 nihil
1038 262 1088 298 sit,
1105 263 1185 302 quod
1204 274 1258 292 eos
1273 263 1413 302 ipsorum
1435 263 1595 302 pumileat,

882 311 913 337 et
926 307 978 346 qui
993 316 1132 345 magnam
1147 306 1226 344 reip.
1248 307 1327 344 apud
1344 311 1467 335 exteros
1482 307 1590 335 famam

881 361 981 389 neque
994 349 1108 383 verbis,
1122 359 1219 387 neque
1237 349 1324 378 saetis
1341 350 1489 378 minuunt.

924 393 949 432 ᾗ.
965 391 1001 422 κ’.
1015 403 1045 432 Ρ.
1063 394 1136 422 104.
1154 402 1183 420 v.
1199 394 1229 421 ὁ.
1248 392 1294 420 καὶ
1314 391 1487 431 δεδεγμένον]
1513 392 1591 420 Ver-

880 437 919 465 ba
941 436 1006 465 haec
1034 435 1107 464 mihi
1135 438 1290 472 suspecta.
1325 434 1387 463 Cur
1414 435 1492 464 enim
1518 438 1591 472 post

879 479 1078 518 participium
1091 477 1241 516 temporis
1257 477 1418 525 praesentis
1432 476 1591 515 ἐπισημαι-

879 522 984 561 νόμενον
1000 526 1128 560 usurpet
1142 520 1253 559 partic.
1271 520 1442 559 praeteriti?
1466 521 1589 549 Deinde

879 563 1017 607 δέχεσθαί
1030 576 1101 599 τινος
1115 563 1212 602 λόγους
1229 568 1276 592 est
1293 568 1475 601 exspectare
1495 564 1591 592 alicu-

874 610 927 648 jus
952 608 1118 638 orationem
1145 608 1239 637 verba
1261 606 1383 636 facturi.
1418 606 1515 644 Atqui
1535 606 1590 635 ΛΕ-

879 651 999 681 schines
1011 653 1076 690 jam
1091 651 1185 680 verba
1201 651 1324 679 fecerat.
1357 649 1426 678 Non
1443 649 1591 688 displice-

878 699 925 724 ret
941 694 1091 733 Scaligeri
1107 691 1345 733 ἀποδεδεγμένον,
1362 692 1388 722 si
1404 702 1472 721 cum
1489 691 1590 722 ἀποδε-

876 737 996 779 χᾶμενον
1010 742 1156 767 mutetur.

919 781 944 821 ᾗ.
968 781 1016 811 xci.
1033 792 1065 820 p.
1084 782 1159 810 104.
1184 790 1214 809 v.
1232 779 1284 810 15.
1308 776 1512 819 ἒωξῖιττομεν]
1534 777 1591 806 Vi-

876 825 967 854 detur
996 825 1026 854 in
1057 824 1149 854 codd.
1179 822 1362 862 quibusdam
1394 821 1469 851 olim
1495 821 1591 850 tuisse

876 879 974 897 ταυτα
988 866 1074 906 ἥτ’-ἶς’
1065 866 1257 906 επςάττομεν.
1275 866 1333 896 haec
1348 866 1457 900 omnia,
1474 874 1592 893 summa

876 921 946 940 cum
978 910 1125 947 minimis,
1160 911 1283 951 egimus,
1312 908 1389 939 nibil
1428 907 1591 948 quicquam

877 954 1063 984 omittentes.

918 997 995 1027 ibid.
1012 1009 1042 1028 v.
1058 1006 1129 1036 pen.
1144 994 1325 1036 μνημονικὸν]
1349 996 1419 1026 Νυιι
1435 995 1474 1024 de
1495 993 1592 1024 nihilo

876 1045 1054 1078 suspectum
1074 1040 1125 1069 hic
1140 1044 1200 1077 est,
1215 1039 1297 1079 quod
1314 1039 1406 1068 modo
1429 1049 1523 1068 versu
1539 1039 1592 1068 2⁶2.

875 1083 1082 1121 praecesserit,
1107 1093 1163 1112 nec
1187 1088 1286 1112 tamen
1312 1082 1384 1112 ideo
1405 1081 1591 1110 Marklando

875 1127 1037 1156 assentiar
1073 1125 1221 1164 Suspicer
1237 1125 1340 1164 potius
1364 1128 1530 1158 oratorem,
1547 1124 1591 1153 sic

875 1168 971 1198 ferme
987 1168 1122 1198 dedisse.
1139 1166 1320 1206 συμποτικόν
1341 1178 1386 1199 τις
1409 1166 1493 1196 αὐτον
1508 1174 1593 1205 φησιν

875 1209 954 1240 efvoet.
977 1222 1025 1240 καί
1049 1212 1105 1250 yae
1128 1221 1211 1251 ξτῧρθί
1235 1207 1318 1240 ἦσαν.
1344 1219 1416 1239 W‘EBV
1442 1208 1556 1244 savae»-
1543 1214 1593 1246 ἧνξ

874 1254 956 1283 ἀλλὰ
970 1253 1165 1294 —j'estivum
1191 1259 1218 1282 et
1244 1252 1367 1282 hilarem
1392 1254 1425 1282 in
1452 1253 1593 1282 conviu'is

875 1296 1051 1336 Philippum
1075 1306 1142 1331 esse,
1157 1301 1197 1326 est
1222 1297 1273 1336 qui
1295 1296 1372 1325 aiat.
1402 1294 1542 1325 Fuerunt
1565 1302 1594 1326 et

873 1340 939 1370 alii.
969 1339 1090 1370 Bibulus
1104 1345 1157 1370 est.
1188 1339 1281 1379 Atqui
1298 1338 1480 1369 Philocrates
1499 1345 1594 1369 noster

874 1383 969 1413 multo
989 1389 1016 1413 et
1037 1383 1173 1413 bibacior.
1204 1382 1286 1412 Illud
1310 1393 1376 1421 συμ.
1400 1382 1430 1411 in
1453 1382 1593 1423 συμπιεῖν

875 1426 999 1456 videtur
1013 1437 1051 1456 ex
1063 1424 1135 1456 ’ἦσαν
1150 1431 1264 1456 natum.

917 1480 949 1509 p.
966 1472 1040 1500 105.
1060 1480 1091 1500 v.
1109 1472 1140 1499 2.
1156 1466 1250 1511 οὗτος]
1278 1470 1355 1499 Post
1371 1466 1451 1504 οὗτος
1467 1468 1592 1500 videtur

874 1514 925 1547 τῆς
944 1511 1040 1548 οὐσίας
1060 1513 1241 1543 desiderari.
1257 1513 1372 1542 debent
1387 1511 1467 1541 enirn
1482 1523 1532 1542 res
1553 1513 1592 1542 ab

873 1556 1022 1586 AEschine
1045 1555 1306 1587 communicandae
1330 1556 1482 1593 ejusmodi
1509 1566 1592 1591 esse,

874 1605 907 1629 ut
929 1600 1069 1639 personis
1093 1610 1212 1636 eorum,
1239 1599 1351 1639 quibus
1377 1599 1592 1637 impertiendae

873 1642 936 1672 illae
962 1643 1034 1679 sint,
1063 1643 1256 1673 conveniant.
1295 1641 1498 1672 Demostheni
1523 1642 1594 1682 qui-

874 1686 944 1716 dem
963 1687 1038 1716 bene
1054 1686 1200 1716 convenit
1217 1685 1452 1715 communicatio
1473 1686 1523 1714 τοῦ
1547 1684 1595 1714 λοί

872 1741 934 1768 you,
949 1730 1050 1759 minus
1063 1733 1163 1760 autem
1176 1730 1306 1770 populo,
1319 1729 1406 1766 cujus
1419 1739 1434 1757 e
1447 1739 1480 1758 re
1494 1729 1592 1767 magis

873 1777 940 1803 erat
962 1773 1086 1803 collatio
1104 1773 1292 1812 pecuniaria,
1311 1772 1391 1801 unde
1413 1782 1496 1811 resp.
1524 1782 1592 1801 sus-

872 1821 1052 1846 tentaretur.
1092 1816 1334 1847 Convenientior
1361 1815 1464 1853 itaque
1496 1814 1591 1844 multo

872 1859 933 1889 erit
953 1861 1018 1889 haec
1036 1859 1155 1889 oratio:
1180 1869 1279 1898 neque
1298 1858 1386 1888 vobis
1403 1857 1493 1887 facile
1507 1858 1593 1897 quic-

872 1913 961 1941 quam
975 1903 1014 1933 de
1031 1903 1119 1932 bonis
1136 1902 1199 1932 suis
1216 1901 1386 1940 impertiat,
1402 1912 1500 1940 neque
1517 1901 1592 1930 mihi

871 1946 973 1976 locum
997 1946 1152 1985 relinquat
1177 1944 1383 1975 declamandi.
1414 1945 1510 1974 Notat
1534 1945 1593 1974 ita-

872 1999 931 2028 que
955 1989 1159 2028 cupiditatem
1181 1987 1350 2019 AEschinis.
1389 1989 1509 2017 Avarus
1533 1992 1591 2023 est,

871 2032 925 2068 ait,
941 2032 1121 2069 AEschines,
1144 2036 1175 2061 et
1198 2030 1306 2061 aerario
1321 2030 1427 2060 debita
1448 2031 1592 2069 denegat,

873 2079 904 2105 at
918 2075 998 2105 idem
1015 2080 1115 2105 tamen
1131 2084 1262 2113 regnare
1275 2073 1306 2102 in
1323 2078 1472 2112 suggestu
1489 2078 1520 2102 et
1541 2084 1590 2103 so-

872 2118 920 2147 lus
936 2118 1020 2157 loqui
1037 2118 1104 2147 vult
1118 2117 1150 2147 in
1166 2119 1233 2147 foro
1254 2122 1283 2146 et
1308 2116 1338 2146 in
1355 2116 1514 2152 concione,
1531 2127 1592 2147 cae-

872 2166 956 2191 teros
974 2171 1080 2191 omnes
1097 2165 1211 2191 tacere.

914 2204 991 2235 ibid.
1011 2215 1042 2234 v.
1057 2207 1087 2234 4.
1112 2203 1271 2245 βούλομαι]
1299 2203 1394 2233 Haud
1419 2213 1477 2242 ego
1504 2202 1591 2242 equi-

872 2248 942 2278 dem
966 2248 1025 2277 hoc
1041 2248 1195 2278 vocabulo
1223 2247 1374 2277 offendar.
1394 2246 1498 2286 paullo
1522 2246 1592 2286 qui-

872 2291 955 2329 dem,
971 2292 1051 2322 baud
1073 2292 1153 2321 enim
1169 2291 1336 2326 infitiabor,
1360 2295 1408 2320 est
1431 2289 1527 2319 oratio
1544 2290 1590 2319 in-

873 2335 1018 2365 volutior.
1034 2345 1138 2364 verum
1154 2334 1185 2364 in
1203 2344 1343 2364 sermone
1359 2332 1524 2367 communi,
1537 2343 1590 2362 cu-

869 2378 1006 2417 jusmodi
1024 2389 1124 2408 sermo
1142 2378 1191 2407 hio
1209 2376 1416 2407 Demostheni
1433 2377 1590 2411 tribuitur,

874 2422 947 2452 talia
961 2421 1069 2451 faciles
1085 2421 1223 2451 serimus.
1256 2420 1415 2450 Sententia
1437 2423 1484 2449 est
1499 2431 1505 2448 :
1525 2418 1590 2451 Βού-

873 2470 964 2505 λομαι
979 2463 1179 2500 σπείσασθαι,
1191 2481 1233 2486 -
1245 2463 1292 2492 καὶ
1313 2462 1360 2494 ἐπὶ
1379 2462 1470 2501 τούτῳ
1485 2460 1590 2501 γράψω

873 2506 1030 2548 ψήφισμα.
1062 2509 1103 2538 Et
1127 2511 1280 2547 praeterea
1308 2507 1383 2536 mire
1406 2506 1488 2535 valet
1513 2504 1589 2534 illud

873 2551 1014 2591 Βούλομαι
1037 2549 1224 2582 σπείσασθαι
1245 2550 1282 2579 ad
1306 2548 1453 2579 insidiam
1477 2549 1592 2577 Demo·

874 2595 973 2624 stheni
989 2595 1163 2624 creandam.
1192 2594 1240 2622 Ita
1257 2592 1337 2622 enim
1354 2591 1487 2630 superba
1505 2590 1593 2630 fingi-

874 2644 922 2667 tur
939 2638 1080 2676 loquens,
1095 2648 1131 2667 ao
1146 2636 1171 2665 si
1187 2637 1270 2666 solus
1284 2646 1382 2674 remp.
1395 2635 1591 2673 gubernaret,

874 2681 1036 2720 omniaque
1053 2690 1110 2720 pro
1127 2679 1255 2709 arbitrio
1271 2676 1591 2718 ageret,populusqne

874 2723 904 2752 iu
918 2724 1016 2763 ipsius
1029 2723 1212 2753 auctoritate
1225 2727 1319 2757 esset,
1330 2726 1420 2761 atque
1436 2730 1474 2750 ex
1490 2720 1590 2759 ipsius

874 2771 950 2796 nutu
967 2777 1002 2796 ac
1017 2772 1127 2796 renutu
1144 2765 1306 2804 penderet.

916 2810 993 2839 ibid.
1013 2821 1042 2839 v.
1065 2811 1095 2840 ὁ.
1112 2808 1159 2838 καὶ
1182 2809 1247 2841 τοὺς
1271 2807 1439 2847 πρυτάνεις,
1456 2804 1589 2845 ἐπειδὰν]

875 2853 943 2892 Ego
958 2863 1065 2882 rursus
1082 2852 1222 2890 expunxi
1238 2850 1424 2880 U'olliannm
1441 2849 1523 2878 istud
1543 2860 1592 2878 as-

877 2901 1050 2925 sumentum
1073 2894 1201 2924 κελεύειν.
1230 2894 1331 2932 Aptus
1348 2898 1396 2923 cst
1420 2892 1590 2922 infinitivus

875 2939 968 2968 ’ποιεῖν
981 2949 997 2967 c
1014 2937 1166 2977 superiori
1185 2948 1213 2967 v.
1230 2935 1379 2976 Ξούλομαι.
1415 2936 1495 2965 Volo
1515 2937 1589 2975 Pry-

875 2986 960 3012 tanas
992 2981 1169 3013 concionem
1204 2990 1383 3011 convocare.
1425 2979 1521 3017 Quasi
1553 2989 1588 3008 ex
