1899 3322
566 180 650 222 AD
685 179 1040 223 AESCHINEM.

498 301 664 336 ἐπιγράψειν

82 337 186 369 Bekk.
202 335 369 377 ἐπιγράψειν
383 337 414 367 (1.
427 338 457 367 h.
469 336 490 367 i.
504 337 656 377 ἀποδείξειν
668 349 695 369 e.
735 341 788 369 10.

81 381 146 414 τοὺς
167 379 196 411 δὲ
215 381 296 416 θεοὺς
316 392 346 421 g.
392 383 444 411 12.
467 380 662 422 χρησαμένους
682 381 788 421 civ-&4125-

83 434 152 459 πους
168 425 197 454 b.
242 424 324 454 Ibid.
342 427 397 453 τῶν
412 423 439 454 δὲ
455 442 466 448 -
482 442 494 447 -
511 441 522 447 -
537 425 716 462 γεγενημένον
728 436 788 455 om.

83 477 124 497 m.
169 467 251 497 Ibid.
263 468 397 497 ἁπάντων
409 478 469 498 οιι).
480 467 502 497 i.
516 472 547 497 et
560 478 604 507 pr.
618 479 645 498 e.
661 470 689 498 Ι).
736 471 788 498 13.

82 510 258 550 γεγενημένον
271 510 357 539 αἴτιον
370 511 391 540 Γ.
405 521 434 550 g.
481 513 532 540 14.
545 510 625 549 τάξει
641 513 691 540 τοῦ
706 510 791 550 λόγου

81 553 104 582 f.
122 563 151 592 g.
197 553 280 584 Ibid.
297 553 340 594 ἓν]
356 551 374 594 ᾖ
388 554 409 584 Γ.
424 564 453 594 g.
499 553 581 584 Ibid.
597 553 718 594 μέλλειν
730 566 788 584 ποι-

82 595 174 626 εῖσθαι
197 597 218 626 Γ.
235 607 265 636 g.
281 596 386 626 Bekk.
432 597 484 627 15.
501 595 576 635 λέγω
593 598 613 627 Γ.
631 608 661 636 g.
706 598 788 628 Ibid.

81 637 126 680 δὲ]
143 641 172 670 θῆ
190 650 220 679 g.
267 641 316 669 16.
333 642 387 670 τῶν
402 639 502 680 ἒφεξῗς
517 651 543 670 c.
560 651 600 670 m.
616 651 644 670 v.
665 642 715 671 τοῦ
731 640 790 681 ‘rga‘-

80 693 131 712 του
146 692 174 712 3.
221 685 271 713 17.
287 683 339 713 νυνὶ
355 685 375 714 Γ.
393 694 422 723 g.
469 687 519 714 18.
541 683 586 725 δὴ]
610 684 656 715 ἤδη
674 685 703 715 b.
720 685 741 715 Γ.
759 697 788 724 g.

82 725 212 764 Scrimg.
251 725 332 756 Ibid.
347 725 502 765 ἐπανάγων
519 738 548 766 g.
595 730 646 758 19.
659 730 713 767 γὰρ
728 740 789 759 οη).

82 777 124 798 m.
141 767 168 798 δὲ
186 769 208 798 i.
255 770 333 800 lbid.
349 768 374 800 65
391 769 484 810 ἄνδρες
500 768 569 800 Ἀθ.
587 771 669 806 Mor.
686 772 790 803 Bekk.

83 813 135 842 20.
151 810 247 843 ἐκείνην
260 823 319 843 οιι).
333 814 353 843 Γ.
367 824 396 853 g.
435 814 518 843 Ibid.
533 813 644 856 εἶξῆνην]
660 813 729 846 νίκην
744 827 791 856 pr.

80 854 114 884 d.
159 860 262 895 antep.
276 855 304 886 οἷ’
314 867 384 890 τινες
398 858 476 896 ἡμᾶς
492 857 512 887 Γ.
531 868 560 896 g.

126 908 157 937 p.
174 900 249 930 193.
269 902 298 929 1.
321 900 485 940 ωροσΐόντος
506 911 537 930 v.
583 903 614 931 Ξ.
637 900 746 932 ταύτην
767 901 789 932 ἱ.

82 942 114 971 3.
127 942 296 982 Φιλοκράτην
305 943 353 972 καὶ
365 942 551 982 Δημεσθένην
563 954 591 982 g.
625 946 655 974 6.
666 945 791 980 ἄπιστος

83 984 113 1014 b.
126 984 146 1014 Γ.
160 995 189 1022 g.
227 987 257 1015 8.
267 985 458 1027 καθεζόμεθα
475 988 495 1017 Γ.
511 997 542 1026 g.
580 989 611 1018 9.
623 985 705 1017 ἐνίοτε
721 987 791 1026 ψευ-

81 1026 137 1061 δεῖς
149 1026 255 1059 οἴκοθεν
266 1029 287 1059 Γ.
299 1039 329 1068 g.
365 1033 416 1059 10.
427 1028 474 1059 τὸν
485 1029 624 1069 λογισμὸν
637 1032 657 1061 Γ.
671 1042 703 1070 g.
739 1036 752 1062 1
762 1036 790 1063 1.

83 1069 160 1109 ημῶν
175 1071 280 1112 steph.
298 1072 399 1103 Bekk.
423 1071 505 1105 ἔστιν
525 1074 604 1113 ὑμῶν
623 1075 644 1103 Γ.
660 1085 690 1112 g.
738 1078 790 1106 1⁶2.

82 1113 130 1143 καὶ
144 1112 303 1150 ἐπαινέσας
317 1127 344 1146 3.
358 1126 417 1146 om.
431 1117 454 1148 f.
468 1127 498 1155 g.
543 1119 596 1148 13.
610 1115 626 1146 δ’
637 1117 683 1157 τι]
699 1116 712 1147 ὃ
729 1116 752 1148 δ’
764 1130 792 1149 c.

82 1155 166 1187 Ibid.
177 1157 262 1192 αὐτὸς
277 1169 337 1190 om.
354 1160 374 1189 Γ.
387 1170 418 1198 g.
464 1163 517 1190 14.
533 1160 581 1189 καὶ
597 1160 639 1190 νῦν
653 1171 712 1190 om.
726 1162 747 1192 f.
760 1173 790 1201 g.

84 1202 135 1230 15.
150 1201 199 1232 τὴν
210 1211 271 1233 om.
283 1213 323 1232 m.
367 1205 421 1234 17.
435 1201 575 1239 διάκειται
590 1202 663 1243 πρὸς
672 1204 754 1234 αὐτὸν
770 1206 791 1236 Γ.

83 1277 135 1306 18.
145 1275 258 1308 ἀκούσει
270 1279 300 1308 (1.
311 1278 340 1309 h.
353 1273 467 1309 ἀκούσει
477 1278 499 1309 i.
512 1278 625 1309 ἀκούσαι
641 1280 660 1310 Γ.
672 1290 703 1319 g.
737 1283 790 1313 19.

79 1319 250 1354 ἀκούσαντες
265 1332 293 1350 e.
311 1326 341 1352 et
356 1333 402 1363 γς.
419 1323 450 1353 h.
469 1323 536 1353 sed.
552 1334 595 1363 γρ.
611 1323 749 1354 ἀκούσητε
762 1336 790 1356 e.

80 1365 134 1393 20.
148 1363 198 1392 τοῦ
212 1366 304 1405 καιροῦ
320 1376 367 1404 pr.
381 1377 410 1396 e.
447 1366 531 1396 Ibid.
547 1368 588 1396 τὸ.
605 1365 791 1408 ψηφίσματα

79 1405 102 1435 Γ.
120 1416 150 1444 g.
196 1409 248 1437 21.
271 1406 300 1449 ὃ]
322 1408 342 1437 ἃ
365 1409 386 1439 Γ.
404 1419 433 1448 g.
478 1410 560 1439 Ibid.
582 1408 704 1450 γέγραφε
723 1411 743 1441 Γ.
761 1423 790 1450 g.

81 1448 165 1479 Ibid.
188 1449 201 1478 ὅ
223 1449 307 1485 αὖτδς
329 1452 350 1481 Γ.
372 1462 403 1490 g.
463 1454 516 1483 22.
539 1451 791 1493 ἐγκαταλαμβάνῃ

81 1493 204 1524 codices
220 1498 252 1524 et
270 1494 436 1525 editiones.
492 1500 593 1535 antep.
609 1499 692 1537 μετὰ
711 1488 790 1539 Φιλ.’]

80 1537 164 1574 μετὰ
183 1546 244 1567 om.
265 1548 291 1568 a.
313 1538 334 1568 Γ.
351 1549 380 1577 g.
398 1538 427 1569 h.
450 1538 472 1570 i.
495 1539 599 1570 Bekk.
644 1541 701 1571 ult.
723 1541 794 1582 παρ’

81 1577 178 1609 ἐκεῖνον
192 1578 214 1610 i.
230 1591 292 1611 om.
308 1583 330 1612 f.
346 1592 378 1620 g.

123 1633 157 1662 p.
172 1625 246 1654 194.
264 1628 295 1655 1.
319 1625 367 1655 οὐκ
388 1625 578 1665 ἇναμείνανται
600 1630 669 1666 post
689 1627 738 1657 καὶ
760 1639 791 1668 p.

81 1667 157 1696 193.
181 1667 237 1697 ult.
261 1674 380 1707 ponunt
403 1669 426 1699 f.
445 1680 476 1708 g.
503 1669 565 1709 [οὐκ
587 1669 791 1711 ἀναμείναντα]

83 1708 185 1739 Bekk.
229 1710 313 1742 Ibid.
325 1713 376 1742 τοῦ
391 1722 452 1742 om.
467 1713 488 1743 Γ.
504 1724 534 1751 g.
579 1716 610 1744 2.
625 1713 792 1745 τῶνἙλλή-

81 1762 130 1782 νων
146 1763 207 1783 om.
223 1754 254 1784 d.
270 1755 301 1784 h.
315 1754 339 1785 i.
384 1757 416 1786 3.
433 1756 622 1787 wem-:omnam
640 1756 792 1797 Φιλίππῳ

81 1799 103 1828 Γ.
116 1809 147 1838 g.
185 1797 268 1828 Ibid.
284 1796 331 1828 τδν
345 1797 455 1838 Θρᾴκης
471 1799 598 1833 βασιλέα
615 1811 676 1831 om.
689 1811 718 1831 a.
759 1804 792 1832 4.

81 1840 159 1872 τοῦθ’
173 1842 195 1872 Γ.
212 1851 242 1878 g.
288 1843 319 1872 6.
343 1842 464 1882 πρῶτον]
488 1841 535 1873 ἕνα
552 1854 579 1873 3.
595 1844 626 1873 (1.
644 1844 664 1874 Γ.
679 1855 708 1883 g.
724 1845 754 1874 h.
770 1844 791 1875 i.

82 1890 186 1924 antep.
198 1884 295 1923 ἐξεῖναι
307 1903 320 1910 -
330 1903 342 1908 -
355 1903 368 1908 -
381 1887 555 1925 Φιλοκράτης
566 1897 625 1917 om.
636 1897 663 1917 a.
709 1887 792 1919 Ibid.

82 1928 188 1969 κῆςυιιιι
205 1929 225 1958 Γ.
239 1939 271 1967 g.
284 1928 416 1968 Scrimg.
429 1929 532 1960 Bekk.
569 1941 640 1970 pen.
652 1929 699 1960 καὶ
715 1942 794 1970 συμ-

83 1970 202 2014 μαχίας
216 1982 278 2001 om.
293 1972 316 2001 f.
328 1983 359 2012 g.
395 1972 452 2003 ult.
463 1973 545 2003 τουτὶ
561 1984 588 2003 c..
602 1985 631 2004 e.
645 1985 677 2003 v.
710 1974 793 2005 Ibid.

84 2015 130 2055 δὲ]
153 2014 186 2045 τὸ
208 2015 331 2045 codices
348 2019 379 2044 et
400 2015 564 2047 editiones.
609 2016 690 2047 Ibid.
709 2021 794 2060 παρὰ

81 2058 162 2099 νόμον
177 2069 207 2089 v.

126 2112 159 2142 p.
173 2103 247 2132 195.
262 2105 292 2131 1.
308 2099 411 2143 χξὸνοι]
428 2101 505 2142 νόμοι
520 2113 560 2133 m.
607 2103 689 2133 Ibid.
707 2104 794 2134 Λυκῖ-

82 2156 124 2180 νος
138 2156 196 2175 om.
212 2145 233 2175 i.
245 2151 277 2175 et
288 2156 332 2185 pr.
346 2146 376 2174 d.
387 2146 417 2175 h.
456 2146 639 2176 1b1‹1.0“0m.
653 2147 674 2176 Γ.
686 2157 716 2186 g.
763 2151 793 2177 ¹2.

85 2187 113 2218 δὲ
131 2200 190 2218 om.
201 2199 228 2218 c.
240 2189 271 2218 d.
282 2200 309 2218 e.
324 2188 354 2217 h.
368 2188 388 2218 i.
402 2189 471 2219 Ald.
484 2190 590 2228 Stepb.
634 2189 716 2221 Ibid.
729 2203 794 2221 συν-

84 2232 255 2270 απελογεῖτο
274 2249 286 2255 -
302 2249 314 2254 -
332 2249 344 2254 -
363 2233 536 2272 Φιλοκράτης
559 2244 619 2263 om.
636 2244 666 2263 v.
710 2234 795 2264 Ibid.

84 2275 133 2305 καὶ
149 2286 209 2306 om.
221 2275 242 2304 Γ.
256 2286 286 2316 g.
300 2275 348 2304 καὶ
364 2275 376 2304 ὁ
393 2286 419 2305 3.
465 2278 495 2306 3.
513 2275 641 2317 διέφυγεν
656 2277 667 2306 ὁ
684 2282 794 2318 Φιλοκξ.

85 2319 106 2349 Γ.
120 2329 151 2358 g.
195 2321 227 2349 4.
243 2318 256 2347 ὅ
272 2329 331 2348 om.
346 2329 374 2348 a.
390 2329 417 2349 c.
433 2319 453 2349 f.
469 2329 497 2358 g.
513 2330 554 2349 m.
569 2331 596 2350 v.
643 2323 675 2350 7.
691 2320 795 2351 ἀποδο-

84 2362 139 2402 χῆν
162 2373 193 2392 v.
217 2362 371 2403 ὑπεξδοχῆν
395 2373 438 2402 pr.
465 2363 624 2404 ὑπεγδοχῆν
649 2374 728 2393 corr.
752 2375 794 2395 m.

85 2405 171 2436 Ibid.
187 2404 256 2446 λέγῃ
277 2406 324 2434 καὶ
339 2406 454 2446 πράττῃ
471 2416 499 2435 e.
516 2406 593 2443 λέγει
608 2407 656 2436 καὶ
673 2409 796 2446 πράττει

87 2458 120 2478 v.
165 2451 196 2480 9.
212 2449 224 2479 ὁ
239 2448 412 2487 Φιλοκξάτης
427 2450 447 2478 s.
465 2460 494 2488 g.
541 2453 593 2479 10.
614 2450 694 2491 πξές]
715 2452 751 2484 ὡς
767 2462 795 2481 3.

87 2492 109 2522 Γ.
130 2502 160 2530 g.
205 2492 289 2522 Ibid.
313 2491 448 2531 veie-6214·
469 2493 504 2526 ὡς
527 2492 640 2533 αὐτοκρ.
665 2495 695 2523 d.
743 2497 796 2524 11.

88 2533 231 2576 πέμπειν]
249 2534 442 2565 ἀποστέλλειν
460 2536 479 2565 Γ.
497 2547 526 2574 g.
572 2536 652 2566 Ibid.
669 2538 720 2570 τῆς
735 2548 796 2568 οιιι.

87 2588 116 2608 e.
134 2588 162 2607 e.
178 2588 220 2607 m.
237 2589 268 2608 v.
313 2583 414 2618 antep.
430 2580 527 2608 ταῦτα
543 2590 583 2609 m.
597 2580 668 2610 Am.
715 2581 798 2610 Ibid.

88 2621 259 2660 ἆπῖιγγελλε
280 2632 308 2651 3.
325 2633 352 2651 e.
369 2622 400 2651 d.
416 2621 438 2651 Γ.
456 2633 485 2659 g.
503 2623 532 2652 Ι).
555 2624 704 2661 ἀπήγγελε
728 2624 748 2654 ἰ.
767 2636 797 2654 ν.

51 2669 54 2671 “
89 2674 160 2703 pen.
177 2667 233 2693 τῶν
249 2664 344 2694 ἄλλων
359 2664 516 2698 Βοιιλευτῶν
533 2677 560 2695 a.
577 2667 609 2696 d.
629 2667 656 2696 Ι).
673 2667 694 2696 ἰ.

89 2707 184 2748 παρὰ]
202 2707 259 2737 ἀπὸ
274 2719 314 2738 ιιι.
329 2707 431 2738 Bekk.
444 2709 544 2738 caeleri
563 2709 626 2739 ὑπό.

99 2765 102 2768 >
133 2761 165 2790 p.
185 2753 257 2781 196.
276 2754 306 2780 1.
325 2750 380 2789 μὲν
399 2750 427 2781 δὲ
449 2762 489 2782 m.
535 2754 617 2782 Ibid.
632 2751 714 2782 ἔδωκε
730 2754 752 2782 Γ.
768 2764 798 2789 g.

89 2790 192 2824 Bekk.
237 2793 320 2824 Ibid.
332 2793 435 2834 κήρυκα
450 2805 478 2824 a.
492 2795 524 2824 d.
537 2796 555 2825 Γ.
569 2807 598 2834 g.
612 2796 641 2826 h.
657 2796 677 2826 ἰ.
695 2796 799 2827 Bekk.

91 2839 122 2867 2.
139 2835 316 2867 σπένδεσθαι
332 2837 351 2866 Γ.
371 2848 401 2876 g.
446 2839 477 2868 3.
493 2838 601 2878 σφόδρα
617 2850 666 2878 μοι
685 2839 731 2869 τᾶν
745 2842 800 2869 νοῦν

91 2879 252 2921 προσέχετε
267 2881 290 2910 Γ.
307 2891 336 2915 g.
353 2880 456 2910 Bekk.
503 2884 533 2911 4.
552 2883 617 2916 τοὺς
634 2885 731 2914 πολλὰ,
748 2894 800 2912 co-

91 2923 178 2953 dices
194 2929 225 2953 et
237 2923 342 2954 Bekk.
379 2925 409 2954 6.
428 2925 583 2965 Φιλοκράτη
598 2936 639 2955 ιι).
653 2936 682 2955 ν.
717 2926 800 2956 Ibid.

94 2965 263 3005 Δημοσθένη
277 2977 304 2996 ο.
315 2977 355 2997 ιιι.
369 2977 399 2997 v.
437 2969 467 2996 7.
480 2967 507 2996 δὲ
523 2968 571 2997 καὶ
587 2970 628 2998 τὰ
641 2979 671 3007 g.
717 2969 799 2999 Ibid.

93 3010 132 3039 ϊῖι
145 3019 204 3039 om.
217 3020 244 3039 c.
255 3020 282 3039 e.
293 3021 334 3040 m.
379 3012 410 3040 8.
424 3011 600 3050 πεςιμενεῖτε
617 3012 647 3041 b.
661 3017 692 3041 οἱ
705 3023 800 3052 marg.

741 2668 798 2698 ult.

1440 182 1533 234 ν431

823 288 930 339 ὃῐερὶι.
968 290 1029 340 ι101.
1054 288 1149 317 ἄλλων
1167 297 1231 318 om.
1248 289 1270 319 Γ.
1288 299 1318 329 g.
1364 290 1446 321 Ibid.
1465 291 1541 321 ἀλλ’

824 363 893 405 za...]
907 332 1080 405 ‘ffiffs‘ssca
1096 375 1124 394 c.
1142 374 1170 394 e.
1218 370 1269 395 ιι.
1285 365 1404 407 effug..
1416 386 1428 391 -
1441 386 1453 390 -
1468 387 1479 392 -
1495 369 1534 398 ει-

823 409 895 448 ρήνην
908 418 969 438 om.
981 419 1020 438 m.
1059 407 1143 475 Ibidb
1152 409 1201 438 τὲν
1211 418 1271 438 om.
1284 410 1304 438 Γ.
1313 420 1344 449 g.
1384 415 1434 442 12.
1445 423 1534 453 πέσσ-

1145 461 1159 475 U
1509 466 1523 480 Ε

824 485 900 524 εῖχον
914 495 939 514 3.
950 486 969 515 Γ.
983 496 1014 524 g.
1060 486 1112 515 14.
1120 483 1239 523 ἀτιμίαν
1249 496 1277 514 e.
1323 486 1405 517 Ibid.
1420 488 1536 528 δρῶντας

825 538 854 565 g.
869 528 985 568 ὁρῶντας
1000 528 1022 558 f.
1061 528 1143 559 Ibid.
1158 529 1237 568 ἦμᾶς
1253 539 1283 559 v.
1320 529 1402 560 Ibid.
1415 532 1472 569 μὲν
1483 533 1535 562 αὺ-

824 572 888 604 'rom
903 572 925 601 Γ.
940 582 968 610 g.
987 572 1095 612 steph.
1142 575 1193 604 15.
1215 570 1261 601 τὸν
1283 572 1356 611 πρὸς
1380 574 1536 605 Φίλιππον

825 614 952 653 ’πόλεμον
970 615 993 645 Γ.
1011 626 1041 654 g.
1088 617 1142 645 17.
1161 614 1234 654 μηδὲ
1257 615 1405 654 μετέσται
1430 618 1533 648 Bekk.

826 659 878 688 19.
894 658 941 689 ἤδη
955 656 1002 688 ἐπ’
1016 656 1100 689 αὐτὸν
1113 660 1136 688 f.
1150 669 1180 698 g.
1197 659 1300 690 Bekk.
1345 659 1428 690 Ibid.
1443 673 1534 701 στξα-

824 700 886 730 τεία
902 712 928 731 3.
946 702 975 731 b.
993 701 1023 732 d.
1040 702 1062 732 Γ.
1080 713 1109 742 g.
1123 703 1154 732 h.
1171 702 1192 732 i.
1204 702 1307 733 Bekk.
1360 704 1415 734 ult.
1438 716 1534 734 κατα.-

824 745 1004 780 κοινώσοιντες
1019 746 1040 775 Γ.

869 799 902 827 Ρ.
918 790 990 820 197.
1010 792 1037 819 1.
1054 790 1094 818 τὰ
1110 799 1171 818 om.
1185 799 1214 819 c.
1227 799 1258 818 v.
1303 789 1336 820 5.
1353 788 1494 820 ποιεῖσθαι
1508 802 1536 822 3.

826 830 847 861 Γ.
865 842 896 870 g·
911 842 942 862 v.
987 834 1019 862 6.
1043 831 1183 872 ἱσταμένη
1205 843 1233 862 c.
1251 842 1292 861 m.
1309 843 1338 862 v.
1384 833 1468 864 Ibid.
1492 835 1538 874 ’'t-q?

826 885 887 905 om.
903 876 925 905 f.
943 887 972 915 g.
1018 879 1051 906 7.
1074 877 1121 904 καὶ
1144 875 1172 916 ὅ]
1197 876 1245 905 καὶ
1263 873 1373 906 ὅτ”ἰῖνὸ
1391 887 1418 906 3.
1434 878 1480 907 καὶ
1494 876 1537 908 ἔτ’

825 915 854 948 ’ἦν
869 919 900 948 d.
918 919 940 949 Γ.
959 930 988 958 g.
1005 919 1035 949 h.
1053 919 1074 949 i.
1094 919 1176 948 Mor.
1220 919 1304 949 Ibid.
1321 921 1449 960 πξοάγων
1464 921 1485 951 Γ.
1503 932 1535 961 g.

826 960 849 990 i.
862 966 892 991 et
904 972 951 1001 pr.
964 963 1040 992 (1.1).
1085 962 1168 992 Ibid.
1184 959 1216 1004 ᾗ]
1234 961 1247 991 ὃ
1263 973 1290 993 a.
1304 963 1334 992 d.
1348 975 1375 993 e.
1389 964 1408 992 s.
1421 975 1452 1003 g.
1467 965 1497 995 h.
1513 966 1534 995 i.

826 1004 930 1036 Bekk.
977 1008 1008 1036 8.
1020 1004 1157 1044 γενόμενον
1174 1017 1201 1036 3.
1213 1007 1243 1036 b.
1257 1017 1284 1036 e.
1297 1007 1328 1036 d.
1342 1008 1370 1037 h.
1384 1007 1406 1037 i.
1421 1018 1451 1037 v,
1464 1009 1535 1039 Ald.

827 1049 935 1088 steph.
952 1049 1056 1079 Bekk.
1079 1048 1186 1087 γεγονὸς
1209 1059 1236 1079 e.
1255 1050 1276 1079 f.
1291 1060 1321 1088 g.
1367 1050 1448 1080 Ibid.
1470 1050 1535 1081 τίνι

827 1091 968 1132 πρόφασιν
979 1093 1102 1122 codices
1115 1099 1145 1122 et
1158 1093 1262 1123 Bekk.
1308 1095 1338 1124 9.
1350 1096 1474 1134 παρῶσιν
1488 1095 1534 1126 ἤδη

827 1135 848 1163 Γ.
863 1145 893 1173 g.
931 1134 1014 1166 Ibid.
1027 1137 1063 1170 ὡς
1077 1136 1154 1174 ὑμᾶς
1169 1146 1230 1166 om.
1244 1136 1369 1166 codices
1385 1144 1415 1167 et
1431 1138 1536 1169 Bekk.

827 1178 905 1216 ὑμεῖς
920 1188 980 1209 om.
996 1178 1072 1209 Ald.
1088 1179 1197 1218 steph.
1242 1184 1345 1218 antep.
1364 1182 1413 1210 τοῦ
1433 1191 1494 1211 om.
1513 1183 1535 1212 Γ.

826 1230 857 1258 g.
869 1221 973 1252 Bekk.
1010 1221 1094 1253 Ibid.
1103 1221 1205 1262 δῆμος]
1215 1221 1358 1256 Φίλιππος
1366 1224 1387 1253 Γ.
1398 1234 1430 1263 g.
1464 1234 1536 1263 pen.

826 1263 862 1297 ὡς
876 1275 937 1295 om.
953 1275 982 1295 a.
999 1274 1028 1295 c.
1045 1276 1076 1295 v.
1121 1265 1205 1295 Ibid.
1221 1264 1367 1305 vrgia-fisum
1381 1278 1486 1298 om.-a.
1503 1269 1536 1299 d.

825 1307 847 1337 Γ.
863 1317 894 1346 g.
913 1308 942 1338 h.
958 1309 979 1338 i.
995 1308 1099 1338 Bekk.

869 1361 901 1390 p.
919 1353 1035 1382 198.1.
1052 1352 1129 1392 ἡμῶν
1144 1352 1166 1381 Γ.
1180 1362 1210 1391 g.
1256 1354 1288 1383 3.
1304 1351 1447 1392 {men-{gam
1461 1365 1488 1383 c.
1503 1354 1536 1385 d.

827 1403 855 1423 e.
869 1404 898 1432 g.
911 1395 941 1425 b.
953 1394 974 1424 i.
986 1405 1028 1425 m.
1041 1406 1071 1425 v.
1116 1398 1148 1425 4.
1162 1394 1190 1424 δὲ
1207 1405 1267 1426 om.
1281 1396 1302 1426 Γ.
1316 1407 1346 1435 g.
1391 1397 1474 1427 Ibid.
1487 1399 1538 1428 τοῦ

827 1447 887 1466 om.
900 1438 922 1468 Γ.
937 1449 967 1475 g.
979 1438 1084 1468 Bekk.
1129 1439 1160 1468 5.
1177 1437 1306 1478 ἡμέτεροι
1322 1439 1459 1470 codices.
1505 1443 1536 1471 6.

825 1480 888 1520 νικᾷ
913 1480 1059 1521 ψήφισμα
1090 1482 1110 1512 Γ.
1135 1492 1166 1521 g.
1226 1485 1258 1512 7.
1282 1481 1483 1522 Δημοσθένους
1505 1486 1538 1515 d.

827 1523 910 1555 Ibid.
921 1527 972 1558 τῆς
984 1536 1044 1556 om.
1057 1536 1084 1555 c.
1097 1535 1124 1554 e.
1139 1535 1178 1555 m.
1191 1536 1221 1554 v.
1260 1528 1291 1556 8.
1303 1525 1351 1556 καὶ
1364 1526 1423 1567 περὶ
1432 1539 1539 1567 συμμ.

827 1567 848 1596 Γ.
866 1577 896 1606 g.
943 1568 1026 1598 Ibid.
1043 1570 1122 1608 ἡμᾶς
1131 1579 1159 1598 c.
1177 1569 1208 1598 d.
1221 1579 1249 1599 e.
1262 1570 1292 1598 1).
1305 1569 1328 1599 i.
1341 1579 1382 1599 m.
1395 1580 1456 1600 om.
1470 1571 1492 1601 Γ.
1505 1582 1537 1607 g.

829 1612 859 1640 9.
875 1611 1026 1651 ἡμετέρους
1039 1613 1061 1642 Γ.
1078 1623 1108 1652 g.
1153 1611 1236 1643 Ibid.
1250 1615 1332 1651 μετὰ
1347 1614 1387 1642 τὰ
1405 1619 1442 1644 Δ.
1458 1616 1498 1644 τὰ
1514 1614 1540 1644 ἐν

827 1653 912 1684 ἄστει
927 1665 955 1685 c.
970 1667 998 1685 e.
1012 1655 1034 1685 f.
1049 1666 1079 1695 g.
1092 1666 1133 1685 m.
1152 1667 1182 1685 v.
1197 1655 1302 1686 Bekk.
1316 1658 1398 1694 μετὰ
1411 1659 1451 1687 τὰ
1465 1664 1501 1688 Δ.
1513 1656 1540 1688 ἓν

827 1697 912 1728 ἄστει
928 1709 956 1728 3.
971 1701 1055 1739 μετὰ
1069 1705 1106 1729 Δ.
1123 1699 1163 1728 τι).
1178 1697 1205 1729 ἔν
1219 1699 1304 1730 ἄστει
1320 1700 1352 1729 d.
1369 1701 1398 1730 h.
1414 1700 1436 1730 i.
1484 1704 1536 1732 10.

827 1739 922 1783 ἐννάτῃ
942 1753 972 1771 ν.
1020 1747 1071 1772 11.
1095 1744 1150 1772 τῶν
1172 1741 1373 1783 ψηφισμάτων
1394 1742 1539 1774 ἀκούσατε

828 1784 850 1814 Γ.
867 1795 896 1823 g.
943 1785 1131 1815 1‘2.titn1um
1149 1796 1210 1815 om.
1225 1796 1252 1816 a.
1300 1788 1351 1817 13.
1365 1784 1388 1815 ἇῖ
1401 1784 1538 1818 Ἀθηναῖοι

828 1838 888 1858 om.
912 1829 934 1859 f.
960 1840 990 1868 g.
1013 1834 1084 1868 post
1108 1829 1239 1860 Διονύσια
1266 1834 1382 1869 ponunt
1405 1831 1437 1860 d.
1462 1831 1492 1860 h.
1516 1832 1539 1861 i.

827 1870 910 1902 Ibid.
934 1871 1111 1913 παρελήλυθε
1128 1874 1149 1903 Γ.
1165 1884 1197 1912 g.
1242 1878 1343 1912 antep.
1367 1871 1487 1912 ἐγένοντο
1510 1884 1539 1904 a.

1076 1927 1105 1941 QG

827 1947 911 1978 Ibid.
928 1947 956 1978 δὲ
972 1949 1019 1990 αἱ]
1041 1949 1108 1978 δέκα
1125 1960 1154 1980 e.
1171 1949 1239 1979 δέκα
1255 1961 1285 1989 g.
1302 1949 1330 1980 δὴ
1347 1951 1376 1979 αῖ
1395 1950 1424 1980 in
1442 1961 1540 1989 marg.

828 1991 850 2021 i.
865 1991 893 2021 δὲ
910 1992 932 2022 Γ.
978 2004 1047 2032 pen.
1064 1994 1101 2034 τῇ
1114 1993 1190 2033 ὀγδόῃ
1207 1993 1254 2022 ἐπὶ
1271 1992 1339 2022 δέκα
1354 1998 1425 2031 post
1436 1992 1540 2025 ἔκκλη·

828 2037 896 2065 σιῶν
911 2041 1025 2075 ponunt
1040 2037 1062 2066 Γ.
1077 2048 1106 2074 g.
1122 2036 1176 2076 [ssi
1188 2035 1265 2077 ὃγδόῃ
1279 2035 1325 2066 ἐπὶ
1339 2036 1421 2077 δέκα]
1436 2037 1540 2068 Bekk.

871 2089 904 2118 p.
923 2081 996 2110 199.
1015 2083 1045 2109 1.
1067 2081 1121 2119 γὰρ
1137 2090 1197 2109 om.
1214 2081 1245 2110 d.
1261 2079 1292 2110 h.
1309 2081 1332 2109 ι’.
1377 2083 1408 2110 4.
1425 2079 1538 2121 ἀπῄτη-

1381 2133 1415 2147 UO

829 2167 883 2184 σοιν
899 2166 927 2185 3.
971 2155 1055 2186 Ibid.
1080 2156 1229 2195 ἶασάμενοι
1252 2167 1280 2185 a.
1298 2166 1325 2185 e.
1345 2156 1494 2196 ἶασάμενοι
1509 2168 1539 2187 e.

828 2201 861 2229 ¹7.
884 2199 1098 2239 ἀναγράφεσθαι
1118 2201 1139 2229 Γ.
1162 2198 1406 2239 ἀναγεγράφεσθαι
1432 2212 1460 2239 g.
1507 2204 1538 2231 8.

830 2242 873 2272 δύο
896 2244 935 2272 τὰ.
954 2242 1089 2280 μέγιστα
1110 2254 1138 2273 ι’.
1157 2244 1177 2272 Γ.
1195 2253 1226 2281 g.
1271 2243 1352 2273 lhid.
1370 2255 1539 2283 πξοσκατα-

829 2286 1027 2324 λαμβάνοντες
1047 2298 1075 2316 c.
1093 2298 1132 2316 m.
1151 2297 1181 2316 v.
1228 2289 1259 2316 9.
1283 2283 1324 2315 οὖν
1347 2297 1406 2316 om.
1425 2299 1450 2317 e.
1469 2288 1489 2317 Γ.
1508 2299 1538 2327 g.

829 2329 933 2360 Bekk.
980 2329 1065 2359 Ibid.
1082 2329 1127 2358 τὸν
1143 2330 1309 2359 secundum
1327 2340 1387 2359 om.
1404 2341 1432 2359 c.
1450 2341 1489 2359 ιι).
1508 2342 1539 2360 v.

830 2376 882 2403 10.
899 2372 1110 2413 παραγενὲσὲαι
1127 2374 1147 2403 Γ.
1165 2384 1194 2412 g.
1241 2376 1293 2403 11.
1313 2373 1541 2414 κατασκευάζον-

977 2426 1016 2441 πα
1036 2428 1053 2441 α

829 2459 878 2484 τες
892 2450 915 2479 Γ.
929 2460 959 2489 g.
975 2427 1238 2489 καξασκευὰζοντες
1249 2461 1277 2479 e.
1316 2449 1397 2479 Ibid.
1409 2453 1463 2479 τῶν
1474 2449 1540 2479 Ἓλ-

831 2493 913 2522 ληνων
936 2504 995 2523 (ιιι).
1015 2494 1048 2523 d.
1094 2496 1146 2523 14.
1171 2495 1237 2533 ἡμῖν
1260 2494 1292 2522 (1.
1311 2493 1332 2521 Γ.
1351 2493 1380 2521 h.
1401 2493 1420 2521 i.
1438 2493 1540 2523 Bekk.

832 2538 883 2566 16.
907 2536 1028 2566 titulum
1053 2547 1113 2566 om.
1133 2548 1160 2566 a.
1209 2539 1258 2565 17.
1282 2535 1425 2576 δόγματι]
1451 2535 1540 2575 ψηφί-

831 2591 931 2617 σματι
947 2580 966 2609 Γ.
983 2591 1014 2619 g.
1061 2583 1112 2610 19.
1125 2581 1284 2617 ὑπειληφὼς
1296 2590 1322 2607 a.
1337 2580 1356 2608 Γ.
1371 2589 1401 2615 g.
1455 2580 1539 2609 Ibid.

831 2621 886 2661 μὲν
906 2624 919 2653 ἦ
937 2623 1018 2663 εἶξῆνη
1041 2624 1072 2652 (1.
1090 2635 1116 2652 ε’.
1135 2624 1155 2652 Γ.
1173 2623 1201 2651 Ι).
1220 2623 1240 2651 ἰ.
1258 2623 1359 2652 Eekk.
1406 2625 1458 2651 221.
1475 2622 1540 2655 Βου-

832 2665 962 2695 λεύεσθαι
979 2667 998 2696 Γ.
1011 2677 1040 2699 ιζ.
1080 2666 1161 2695 Ibid.
1173 2669 1241 2696 κεινὴ
1260 2667 1288 2694 d.
1302 2666 1322 2694 Γ.
1337 2676 1366 2701 ξζ.
1380 2666 1409 2694 h.
1424 2666 1443 2694 i.
1488 2668 1540 2696 23.

833 2709 878 2749 δὴ]
896 2709 922 2739 δὲ
938 2721 965 2739 (².
1004 2709 1085 2739 Ibid.
1097 2708 1325 2748 πξοκοιταλαβῶν
1338 2710 1366 2737 b.
1379 2709 1398 2737 f.
1412 2719 1442 2743 ξ.
1487 2719 1538 2738 an·

833 2757 897 2791 fep.
921 2751 954 2782 τὸ
976 2750 1057 2791 εἷμα.
1081 2759 1161 2790 Δημ.
1185 2753 1205 2781 Γ.
1231 2763 1260 2790 g.
1307 2762 1376 2789 pen.
1399 2752 1486 2788 λέγων
1510 2763 1540 2782 v.

834 2796 917 2825 Ibid.
933 2795 1000 2825 εἶναι
1022 2807 1082 2824 om.
1104 2806 1149 2833 pr.
1169 2807 1198 2824 v.
1263 2794 1317 2823 ull.
1340 2793 1385 2824 ἐὰν
1402 2793 1500 2836 ταῦθ’]
1519 2796 1542 2825 εἰ

834 2837 924 2868 ταῦθ’
944 2849 972 2868 a.
992 2850 1019 2867 c.
1037 2839 1067 2868 d.
1086 2850 1113 2867 e.
1132 2839 1152 2867 Γ.
1171 2849 1200 2874 g.
1220 2849 1260 2867 ιι).
1278 2838 1407 2871 δοιίιιιζ.
1432 2840 1542 2876 Steph-

834 2882 937 2912 Bekk.
953 2880 1062 2911 ἐνταῖθ’
1075 2882 1103 2910 1).
1117 2882 1137 2910 i.
1153 2881 1226 2910 ΛΜ.
1244 2881 1296 2909 sed
1315 2892 1359 2920 γρ.
1372 2881 1394 2910 εἰ
1411 2881 1501 2910 ταῦθ’
1514 2883 1544 2911 Ι).

878 2936 909 2964 p.
923 2928 995 2954 L200.
1009 2928 1038 2954 Q.
1055 2925 1100 2953 καὶ
1117 2927 1172 2965 γὰρ
1188 2923 1236 2963 τὸ]
1255 2924 1286 2953 τὸ
1301 2926 1355 2964 γὰρ
1371 2925 1392 2953 Γ.
1438 2926 1469 2955 3.
1484 2925 1543 2954 ἀδι-

835 2967 895 2997 κίαν
909 2980 936 2997 e.
983 2968 1064 2997 Ibid.
1081 2967 1165 3008 ἅμα]
1179 2967 1262 3002 οἶμαι
1279 2978 1307 2997 e.
1354 2971 1384 2997 4.
1401 2969 1448 2998 τὶν
1465 2980 1544 3007 σεμ-

835 3009 952 3052 μαχίαν
973 3012 1023 3045 τῆς
1045 3011 1141 3052 εἰρήνης
1159 3011 1180 3040 Γ.
1198 3022 1228 3049 g.
1275 3010 1358 3041 Ibid.
1378 3014 1416 3041 τὰ
1438 3022 1498 3041 om.
1516 3022 1545 3042 c.
