1899 3322
737 142 1099 205 AESCHINEAE.

219 268 269 301 ἐπὶ
295 268 456 311 πρεσβείαν.
476 272 530 307 39,
556 273 588 303 6.
619 264 790 312 ἐξόμνυσθαι
811 271 893 312 (eju-

219 313 300 354 rare)
323 314 490 354 πρεσβείαν.
514 315 568 351 40,
589 316 644 346 30.
674 314 830 346 σπένδεται
857 326 892 344 τη

219 357 366 403 πρεσβεία.
389 361 442 393 62,
459 361 512 389 39.
541 355 689 398 πρεσβείαν
703 358 741 391 εἷς
759 356 894 399 προεδρίαν

219 406 291 429 καλε
295 412 325 430 ιν.
341 403 395 436 64,
411 403 464 432 26.

175 441 348 484 πρεσίὲεύειν]
371 444 446 484 μηδὲ
466 456 531 478 τους
554 442 789 484 πρεσβεύσαντας
802 443 892 484 κρίιειν

216 487 353 526 (videtur
385 488 541 527 peculiare
560 497 658 528 genus
675 487 819 527 judicum
839 493 891 518 att

216 530 451 570 magistratuum
483 530 606 572 fuisse.)
631 533 662 566 3,
685 532 736 561 36.
774 530 892 564 εὐθύνας

216 571 316 612 δίδωμι
338 573 430 614 μόνος,
454 573 570 607 δέκατος
591 573 676 608 αὐτὸς
691 568 890 613 πρεσβεύσας.

203 615 272 650 52,
290 620 342 647 11.

173 645 366 701 πρεσβευτης]
390 659 466 690 ὠθεῖν
486 659 543 691 ἀπὸ
566 663 621 690 τῶν
643 660 716 702 ῖερῶν
733 658 778 690 τόν
795 671 888 702 πρεσ-

217 699 324 733 βευτήν.
349 706 402 739 39,
414 707 468 735 30.

171 743 309 785 πρέσβυς,
338 747 470 787 legatus.
495 746 602 787 ξενίζειν
643 758 709 781 τους
746 745 888 787 πρέσβεις.

213 790 267 823 4‘2,
281 792 334 820 35.
366 790 564 831 αὐτοκράτορες
587 788 726 830 πρέσβεις.
757 793 810 826 62,
834 792 888 822 35.

212 829 375 871 ἐπράττετο
397 833 426 863 οὐ
449 845 521 874 προς
543 845 606 867 τους
628 833 733 866 ἄλλους
755 833 889 873 πρέσβεις

211 874 253 903 τοὶ
270 874 380 912 πολλοὶ,
397 875 477 906 ἀλλὰ
493 888 556 917 προς
573 878 743 915 Φιλοκράτην
765 876 812 906 καὶ
831 883 888 907 Δη-

213 918 366 957 μοσθένην.
390 922 442 955 62,
462 923 515 950 40.
541 920 563 949 εἶ
587 918 672 949 ταυθ’
694 920 718 949 οἷ
744 919 887 951 Φιλίππου

212 961 347 1001 πρέσβεις
370 965 413 1002 μὴ
450 963 736 1003 συμπεισθήσονται.
767 966 820 1000 64,
856 967 885 994 1.

210 1005 357 1035 ἀποδοῦναι
383 1007 446 1040 τοὺς
469 1006 559 1048 ἕρκους
578 1006 638 1040 τοῖς
664 1004 810 1047 πρέσβεσι.
832 1009 884 1043 64,

212 1050 264 1078 16.
296 1050 391 1087 ἡγεῖτο
407 1051 466 1084 τοῖς
484 1049 639 1090 πρέσβεσιν
653 1050 692 1084 εἰς
706 1048 740 1079 τὸ
755 1049 884 1091 θέατρον.

210 1093 264 1127 64,
281 1094 333 1122 28.

169 1134 386 1178 πρεσβύτατος]
411 1137 561 1177 τάττομεν
573 1135 639 1167 εῖναι
648 1134 774 1178 ’Όμηρον
786 1136 812 1167 ἓν
826 1137 885 1171 τοῖς

211 1178 424 1219 πρεσβυτάτοις
446 1180 494 1210 καὶ
520 1180 701 1219 σοφωτάτοις
721 1182 775 1210 τῶν
803 1191 882 1211 ποιη-

210 1224 275 1250 τῶν.
291 1225 344 1259 20,
360 1227 392 1254 4.

167 1265 379 1307 πρεσβύτερος]
402 1265 597 1307 αἰσχύνεσθαι
624 1268 690 1301 τοὺς
719 1265 881 1307 πρεσβυτέ-

207 1319 275 1348 ρους.
289 1311 322 1345 4,
339 1312 391 1340 21.
413 1309 484 1345 ἔνιοι,
500 1310 548 1339 νέοι
565 1309 650 1345 ὅντες,
672 1311 815 1350 προφερεῖς
832 1309 881 1338 καὶ

207 1351 391 1393 πρεσβύτεροι
415 1351 568 1391 φαίνονται.
591 1355 624 1388 7,
642 1354 694 1382 35.
720 1352 881 1384 ἀναβάλλε-

206 1405 258 1423 ται
278 1396 343 1429 τοὺς
358 1397 409 1428 τῆς
423 1393 521 1434 φιλίας
533 1395 631 1433 λόγους
644 1394 681 1428 εἷς
692 1396 740 1425 τὴν
754 1393 881 1434 πρεσβυ-

204 1435 289 1477 τέραν
302 1438 351 1468 ’και
365 1439 514 1478 φρονοῦσαν
529 1439 644 1468 ἡλικίαν.
661 1439 714 1473 19,
731 1439 784 1468 34.

162 1480 341 1520 πρεσβύτης]
368 1479 574 1521 παρωσάμενος
601 1479 684 1519 ἄνδρα
710 1478 880 1521 πρεσζύτην.

206 1525 258 1559 14,
274 1525 327 1555 38.
360 1523 528 1564 πρεσβύτας
544 1520 708 1563 ἁνθρωπους,
724 1522 879 1563 πρεσξύτι-

203 1566 254 1600 δας
278 1578 424 1604 γυναικας,
454 1565 508 1605 ὀψὲ
529 1565 805 1607 μεταμανθάνοντας
830 1578 879 1599 την

203 1608 365 1650 ἐλευθερίαν.
382 1612 436 1646 76,
453 1614 484 1640 4.

158 1652 328 1693 πρεσβύτις.
346 1654 410 1684 vid.
430 1654 486 1684 sub
503 1652 676 1706 πρεσβύτης.

160 1695 305 1737 πρίασθαι
329 1696 422 1739 ἀρχοὶς
446 1695 525 1737 παραὶ
545 1709 609 1732 τους
628 1697 736 1738 νόμους.
753 1698 806 1733 15,
824 1702 876 1730 12

203 1739 287 1774 τέλος
312 1739 462 1780 πρίασθαι,
487 1741 638 1771 redimere
662 1741 807 1781 vectigal.
824 1744 877 1778 16,

203 1784 324 1823 penult.
348 1783 470 1823 τοξότας
480 1782 652 1825 τριακοσίους
663 1783 790 1819 Σκύθας’
781 1785 878 1825 επριοί-

202 1827 299 1863 μεθα.
316 1829 370 1863 51,
388 1829 442 1858 19.
465 1825 610 1868 πρίασθαι
628 1829 678 1858 τὴν
700 1827 806 1866 εἰρήνην.
822 1830 877 1864 52,

201 1871 234 1899 7.
259 1869 290 1899 ἐκ
314 1872 493 1912 παρασκευῆς
511 1871 663 1911 πριάμενος
679 1869 712 1901 τὸ
729 1870 877 1904 βουλεύειν.

204 1915 258 1950 62,
275 1916 327 1944 32.

158 1955 236 1997 πριν]
260 1959 303 1997 μὴ
320 1956 456 1998 πρότερον,
472 1958 541 2000 πριν
555 1970 587 1989 αν
605 1958 616 1988 ὁ
627 1957 702 1992 ηλιος
712 1956 826 2000 ἄνίσχη.
844 1961 876 2010 2,

203 2002 256 2030 ’17.
289 1999 449 2039 ἐκπέμπειν
476 2013 542 2036 τους
576 2002 773 2054 στρατιώτας,
808 2001 878 2042 πρὶν

201 2045 396 2084 καλλιερῆσαι.
412 2047 467 2080 72,
477 2048 530 2075 21.
555 2055 617 2083 πριν
630 2042 700 2083 μίαν
713 2044 796 2085 μόνην
805 2052 876 2075 συλ-

201 2087 292 2120 λαβήν
305 2086 415 2128 γραψαι
433 2086 628 2128 Δημοσθένην.
646 2089 700 2122 73,
717 2090 770 2118 32.

155 2127 253 2171 πρό]’
241 2129 342 2182 ἄκυρα,
358 2131 452 2171 ὥσπερ
475 2133 516 2161 τὰ
538 2130 586 2161 ἐπι
608 2132 662 2159 τῶν
679 2142 844 2170 τριακοντα,
859 2131 873 2163 ἢ

186 2186 241 2209 ,τα
257 2173 309 2213 πρὸ
325 2172 480 2204 Εὐκλείδου.
493 2177 525 2210 6,
537 2177 588 2204 12.
613 2172 833 2214 προβάλλονταί
844 2187 875 2204 τι

200 2215 252 2256 πρὸ
267 2228 317 2250 της
331 2217 479 2270 αἰσχύνης.
497 2221 551 2254 11,
560 2219 590 2248 5.
607 2218 661 2253 55,
678 2220 731 2248 24.
754 2218 874 2258 προφαί-

201 2271 278 2290 νεται
291 2261 333 2290 νῦν
348 2259 410 2299 εμοῖ
427 2271 478 2301 προ
493 2273 548 2291 των
560 2259 735 2301 ὀφθαλμῶν.
753 2264 808 2298 47,
820 2265 873 2292 41.

201 2302 253 2344 πρὸ
273 2305 325 2337 τῆς
347 2302 485 2338 ἐπιούσης
507 2303 651 2338 πυλαίας.
668 2306 724 2341 71,
741 2308 793 2336 12.
821 2316 872 2346 προ

200 2348 251 2376 τοῦ
263 2346 434 2380 καθήκοντος
449 2346 553 2401 χρόνου.
569 2350 624 2383 71,
637 2349 689 2377 29.

154 2378 299 2437 προάγειν]
317 2392 484 2430 προαγαγὼν
493 2401 589 2431 μικρον
598 2402 651 2420 ανω
665 2392 720 2420 τῶν
733 2392 872 2432 πραγμα-

199 2445 267 2465 των.
289 2435 343 2468 32,
363 2435 417 2462 41.
440 2434 568 2486 προάγων
584 2434 621 2468 εἰς
644 2433 771 2469 ἐλπίδας
793 2438 873 2470 τινας

197 2477 287 2515 ὑμας.
302 2478 356 2509 43,
373 2478 427 2507 42.
451 2477 488 2510 εἰς
503 2488 588 2507 τουτο
598 2475 730 2517 προήχθη
743 2476 872 2514 Καλλίας

197 2518 296 2560 ὕβρεως
313 2519 360 2549 καὶ
383 2518 552 2558 πλεονεξίας,
568 2519 746 2560 Δημοσθένης
769 2520 796 2552 δὲ
821 2521 872 2551 δω-

195 2562 325 2603 ροδοκίας.
337 2565 391 2599 67,
405 2565 435 2593 8.
458 2562 596 2602 δαιμονίου
615 2562 686 2597 τινὸς
705 2563 773 2597 ἴσως
787 2564 873 2600 αὐτος·

201 2605 406 2647 ἐξαμαρτάνειν
440 2605 652 2648 προαγομένου,
680 2607 869 2647 impellente.

198 2652 254 2686 νο,
274 2653 325 2680 12.

153 2692 343 2733 προαγωγεία.
361 2695 392 2730 3,
407 2695 438 2723 7.

154 2735 364 2777 προαγωγεύειν.
381 2739 413 2772 3,
429 2739 458 2767 8.

153 2779 327 2819 προαγωγὸς,
343 2780 426 2817 leno,
440 2780 521 2811 lena.
538 2784 591 2819 26,
608 2783 660 2812 17.

155 2824 282 2862 προαγὼν
297 2821 323 2852 ἓν
337 2834 373 2853 τη
389 2823 447 2863 ιερᾳ.
463 2823 563 2865 ημέρα.
581 2806 634 2861 63,
654 2828 707 2857 14

151 2865 277 2906 προοίδειν
291 2865 386 2917 ὥσπερ
400 2864 426 2896 ἓν
441 2878 501 2901 τοις
512 2879 618 2919 χοροιςὶ
633 2871 686 2905 50,
699 2872 730 2899 4-

151 2908 322 2959 προαδικειν]
345 2907 371 2938 ἐν
388 2909 427 2949 τῇ
448 2911 498 2939 τοῦ
516 2921 681 2950 κρατουντος
695 2922 742 2941 και
761 2911 870 2952 προηδι-

192 2949 311 2991 κημένου
326 2951 495 3005 μετριότητι
510 2953 702 2994 κριθησονται.
716 2957 772 2990 72,
790 2957 843 2986 37.

149 2993 365 3035 προαιρεῖσθαι]
389 2993 416 3025 οι“
428 2995 606 3036 διαζυγέντες
623 2996 849 3008 ’’’’’

197 3047 275 3067 vor..
293 3048 315 3067 1.

1595 160 1650 202 73

971 268 1139 309 προέλοιντο.
1160 270 1214 305 52,
1232 272 1284 300 13.

927 312 1098 354 προαίρεσις]
1134 313 1350 354 ἀποτυγχάνειν
1375 311 1568 354 προαιρέσεως.
1591 315 1646 350 66,

969 358 1023 385 40.

926 398 1092 439 προακούειν.
1110 400 1162 434 20,
1178 400 1229 428 21.

926 442 1147 483 προαναλίσκειν,
1173 452 1299 482 erogare
1330 443 1362 472 in
1386 445 1593 473 antecessum.
1613 444 1645 479 6,

968 487 1020 515 28.
1037 491 1068 515 et
1082 488 1135 521 11,
1147 487 1198 514 17.

925 528 1089 569 προβαίνειν]
1113 526 1254 568 προβαίνει
1273 526 1305 556 τό
1326 526 1382 562 ’έθος
1405 527 1461 558 ἐπὶ
1479 530 1563 564 πολὺ,
1580 539 1643 559 ser-

968 572 1026 613 pit,
1043 573 1193 602 dimanat.
1217 572 1269 607 25,
1289 574 1342 602 30.
1373 570 1451 610 μηδ’
1467 573 1551 611 ὑμεῖς
1569 571 1643 603 ποτὲ

967 615 1004 648 εἷς
1015 615 1144 645 τοιαύτην
1157 613 1279 654 ἀταξίαν
1291 616 1346 643 τῶν
1361 614 1449 653 νόμων
1459 613 1642 655 προὲαίνητε.

965 660 1020 694 59,
1037 660 1068 688 5.
1093 656 1213 692 εὐηθείας
1228 658 1265 692 εἷς
1280 657 1412 687 τοσοῦτον
1428 657 1641 698 προβεβηκέναι.

968 704 1090 738 90,12.

923 725 1152 786 προέάλλεσθαι]
1167 744 1390 787 προβάλλεσθαί
1408 757 1439 775 τι
1455 743 1507 784 πρὸ
1526 756 1576 778 της
1595 745 1641 774 αἶ-

965 789 1081 830 σχύνης,
1098 789 1278 830 operculum
1306 789 1445 829 aliquod,
1467 798 1520 818 seu
1544 789 1641 818 hone-

965 838 1043 862 stam
1067 833 1311 867 excusationem,
1342 832 1527 872 turpitudini
1561 842 1640 872 prae-

965 876 1106 911 tendere,
1129 876 1280 917 flagitium
1305 874 1409 915 aliquo
1434 875 1504 905 velo
1525 875 1638 905 celare.

965 922 1017 955 11,
1034 921 1065 950 5.
1081 924 1114 950 et
1128 921 1181 955 55,
1200 921 1252 950 24.
1281 918 1517 958 προβάλλεσθαι,
1542 919 1641 949 deno-

964 963 1074 993 minari
1090 973 1160 993 cum
1178 962 1463 998 commendatione,
1476 967 1510 992 ut
1521 963 1642 993 muneri

963 1006 1057 1037 alicui
1073 1006 1287 1036 vel·functi0ni
1303 1005 1497 1046 praeficiatur.
1511 1007 1566 1042 30,
1583 1007 1637 1036 28.

963 1047 1185 1089 προῑὲάλλεσθαι
1206 1048 1290 1083 οὐδὲν,
1315 1049 1358 1079 nil
1385 1049 1531 1089 excipere
1555 1048 1642 1079 nulla

962 1093 1008 1123 uti
1038 1093 1184 1124 cautione
1213 1093 1265 1124 vel
1293 1092 1489 1133 exceptione.
1521 1094 1574 1128 83,
1606 1094 1638 1123 5.

963 1136 1200 1177 προβάλλεσθαι,
1210 1136 1403 1177 praetendere
1415 1146 1637 1176 propugnacu-

963 1179 1035 1217 lum,
1065 1181 1151 1211 velut
1176 1184 1309 1210 scutum.
1343 1179 1375 1209 τί
1404 1178 1636 1219 προβαλλόμενος

961 1223 1092 1263 ὑπὲρτοῧ
1109 1224 1198 1264 δήμου
1214 1221 1435 1253 πεπολίτευσαι.
1453 1224 1507 1258 84,
1523 1225 1554 1252 2.

917 1266 1113 1307 προβιβάζειν]
1138 1265 1379 1307 προβιβάζεσθαι
1389 1265 1432 1303 τῷ
1442 1265 1526 1305 λόγῳ.
1541 1267 1594 1300 64,
1604 1268 1636 1296 7.

960 1308 1139 1350 προβιβάζων
1160 1310 1242 1350 (aut,
1268 1314 1304 1338 ut
1325 1308 1502 1349 Stephanus
1534 1308 1636 1339 edidit

959 1352 1188 1392 προσβιβάζων.)
1204 1355 1258 1388 67,
1271 1355 1301 1382 2.

916 1394 1054 1434 προβολὴ]
1079 1395 1221 1434 προβολᾶς
1245 1395 1367 1435 δημοσία
1398 1395 1554 1436 ποιούμεθα
1581 1398 1637 1426 τῶν

958 1441 1142 1476 συκοφαντῶν
1178 1439 1213 1472 ὡς
1242 1439 1410 1479 κακούργων,
1443 1449 1637 1476 accusamus,

959 1480 1129 1512 deferimus
1146 1482 1358 1523 sycophantas
1382 1482 1473 1512 titulo
1491 1481 1636 1522 προίξολῆς,

958 1534 1028 1564 quae
1044 1531 1120 1561 erat,
1137 1535 1206 1555 cum
1230 1526 1299 1566 quis
1320 1525 1438 1566 populo
1461 1525 1637 1566 προῦβαλλε,

958 1567 1044 1598 velut
1059 1569 1231 1609 problema,
1248 1568 1452 1610 quaestionem
1478 1579 1636 1610 propone·

956 1617 1014 1647 ret,
1032 1618 1131 1642 utrum
1147 1612 1241 1643 vellet
1261 1613 1301 1643 de
1323 1617 1468 1643 accusato
1487 1617 1635 1649 statuere,

957 1655 1082 1685 arbitrio
1100 1657 1209 1697 populi
1225 1656 1255 1686 id
1274 1657 1478 1696 permitteret.
1495 1659 1550 1691 47,
1565 1659 1618 1687 26.

913 1698 1119 1740 προβουλεύειν]
1145 1699 1322 1740 προβουλεύει
1347 1701 1360 1730 ἦ
1384 1697 1465 1730 Coum
1484 1700 1550 1733 ταῖς
1565 1699 1634 1738 ξενιυ

956 1744 1021 1776 καῖς
1032 1742 1189 1783 πρεσέείαις
1201 1746 1256 1777 τὰς
1267 1743 1304 1776 εἷς
1315 1741 1361 1772 τόν
1373 1743 1458 1783 δῆμον
1472 1743 1632 1783 προσόδους,

958 1792 1123 1826 antequam
1155 1787 1250 1827 legati
1273 1787 1314 1816 ad
1339 1792 1457 1816 exteros
1486 1787 1633 1817 mittendi

956 1830 1110 1869 prodeant
1126 1831 1165 1860 ad
1182 1830 1332 1870 populum
1350 1829 1381 1859 in
1398 1830 1560 1865 concione,
1577 1831 1632 1860 de-

957 1872 1072 1902 liberat
1085 1879 1226 1908 senatus,
1246 1874 1405 1913 quomodo
1428 1873 1496 1903 illos
1511 1873 1630 1914 legatos

957 1916 995 1945 ad
1016 1916 1164 1957 populum
1180 1916 1322 1946 inducat.
1338 1917 1392 1952 35,
1409 1919 1461 1947 30.

913 1957 1119 2000 προξούλευμά.
1138 1971 1209 1994 τινος
1225 1970 1298 1989 num
1318 1959 1432 1990 dicitur
1448 1971 1501 2000 pro
1515 1960 1632 2000 προβού-

956 2009 1054 2042 λευμα
1069 2002 1138 2043 ὑπὲρ
1152 2014 1233 2035 τινος.
1249 2004 1303 2038 35,
1322 2005 1374 2033 34.
1398 2002 1546 2043 ἐκφέρεται
1565 2015 1632 2044 προ-

956 2045 1107 2085 βούλευμα
1132 2046 1170 2080 εἶς
1198 2047 1248 2076 τὴν
1272 2045 1433 2082 ἐκκλησίαν,
1458 2047 1563 2081 efficit,
1596 2053 1632 2077 ut

956 2089 987 2117 S.
1006 2088 1043 2120 C.
1060 2089 1313 2125 conscriberetur,
1330 2095 1428 2130 atque.
1448 2090 1479 2118 in
1503 2090 1630 2120 concio·

955 2142 1027 2162 nem
1044 2143 1061 2163 a
1079 2138 1187 2163 senatu
1210 2132 1380 2169 efferretur,
1400 2132 1492 2174 eique
1514 2143 1628 2174 propo-

952 2181 1086 2206 neretur.
1102 2179 1156 2212 ’71,
1171 2180 1222 2206 21.

908 2217 1043 2259 πρόγονοι]
1066 2218 1208 2254 encomia,-
1229 2221 1283 2249 τῶν
1299 2219 1433 2260 προγόνων
1453 2219 1625 2259 μιμεῖσθαι.

951 2264 1005 2298 37,
1022 2266 1075 2293 42.
1101 2262 1206 2296 βοηθεῖν
1228 2264 1290 2298 τοῖς
1311 2267 1366 2293 τῶν
1387 2263 1528 2304 προγόνων
1552 2264 1625 2292 ἀτυ-

950 2306 1083 2347 χήμασι.
1098 2309 1152 2343 78,
1166 2309 1196 2337 3.
1213 2307 1410 2346 παραβάλλων
1424 2307 1503 2344 αὐτῷ
1518 2309 1557 2335 τα
1573 2310 1624 2335 τῶν

951 2350 1084 2389 προγόνων
1099 2349 1178 2390 ἐ’ργα.
1195 2353 1249 2386 81,
1266 2352 1297 2381 3.
1321 2351 1422 2385 αὐτοὺς
1438 2351 1502 2383 τοὺς
1517 2350 1626 2388 τάφους

949 2395 1005 2422 τῶν
1028 2392 1168 2434 προγόνων
1186 2394 1234 2423 οὐκ
1249 2393 1281 2423 ἂν
1302 2393 1397 2423 οἴεσθε
1417 2393 1625 2432 ἁναστενάξειν.

951 2438 1003 2472 90,
1019 2439 1072 2467 29

907 2480 1089 2520 προγράφειν]
1121 2479 1284 2521 προγράψαι
1308 2481 1373 2513 τοὺς
1395 2480 1550 2520 πρυτάνεις
1576 2478 1622 2509 ἐκ·

949 2521 1070 2558 κλησίας
1082 2523 1127 2554 δύο
1139 2526 1219 2554 κατ-οὶ
1235 2535 1299 2557 τους
1314 2522 1420 2563 νόμους.
1440 2526 1492 2559 3.),
1505 2523 1624 2562 penult.

950 2568 1004 2602 36,
1020 2569 1051 2597 4.

907 2609 1040 2650 πρόδηλος
1054 2609 1178 2646 κίνδυνος.
1193 2613 1248 2646 72,
1260 2612 1311 2639 17.
1329 2608 1489 2648 ἐκπέμπειν
1503 2607 1624 2647 ἀγαθους

949 2652 1046 2693 ἄνδρας
1061 2653 1110 2684 ἐπὶ
1125 2653 1172 2684 τᾶν
1187 2653 1325 2694 πρόδηλον
1339 2652 1461 2682 κίνδυνον.
1477 2654 1531 2688 75,
1550 2655 1601 2683 13.

907 2697 1115 2737 προδιδάσκειν.
1132 2699 1185 2732 64,
1203 2700 1232 2728 6.

907 2739 1064 2780 προδιδόναι
1078 2740 1123 2770 τὸν
1134 2741 1240 2778 aya-m,
1249 2750 1350 2771 causae
1365 2739 1622 2780 prosecutionem,

951 2794 1006 2824 per
1032 2784 1331 2824 praevaricationem,
1357 2781 1511 2819 omittere,
1537 2784 1622 2823 quod

950 2827 1084 2866 pecunia
1099 2834 1182 2857 essct
1195 2832 1367 2867 corruptus.
1386 2828 1437 2860 16,
1456 2828 1506 2856 19.

906 2869 1083 2910 προδιηγησις
1098 2882 1148 2904 της
1161 2869 1328 2908 ἀπολογίας,
1341 2879 1422 2910 praex
1427 2869 1454 2898 ia
1469 2869 1623 2899 enarratio

949 2918 1207 2952 argumentorum,
1229 2914 1341 2954 quibus
1367 2918 1470 2943 utetur
1491 2922 1559 2943 reus
1582 2913 1622 2942 ad

950 2956 995 2985 sui
1012 2957 1237 2996 purgationem.
1258 2959 1309 2991 16,
1324 2958 1377 2987 30.

906 2998 1141 3038 προδιοικεῖσθαι,
1165 2999 1427 3042 praecautionibus
1450 3005 1482 3030 et
1505 2997 1622 3030 machi-

909 3052 926 3070 1.
