1981 3322
499 186 585 229 DE
616 186 905 230 AESCHINE
937 188 1244 231 ORATORE.
1525 207 1610 234 xxv

186 292 251 331 τὸν
269 297 534 346 προειρημένον
553 297 668 334 τόπον
687 296 747 332 καὶ
766 294 978 348 κατέβημεν
1001 298 1055 340 εἷς
1084 296 1124 335 τὸ
1153 297 1335 348 Κιῤῥαῖον
1361 297 1490 336 πεδίον
1517 301 1578 336 καὶ
1600 299 1666 338 τὸν

185 358 322 407 λιμένα
341 358 655 408 κατασκάψαντες
671 358 731 394 καὶ
753 360 822 401 τάς
842 360 960 402 οἰκίας
979 359 1239 411 ἐμπρήσαντες
1254 361 1531 412 ἀνεχωροῦμεν.
1562 361 1664 399 Item

184 418 435 458 suavissimus
455 420 671 465 AEschiues,
693 433 784 458 cum
806 421 992 472 Autolyci
1013 421 1269 472 Areopagitae
1291 421 1508 459 orationem
1529 435 1663 460 recen-

185 486 257 526 set,
290 494 408 531 quam
438 482 609 532 populus
642 483 806 520 audiens
841 483 893 521 ob
923 483 1231 533 ambiguitatem,
1262 490 1406 534 praeter
1437 483 1663 534 opinionem

183 541 352 581 dicentis
372 550 511 594 ortam,
531 543 579 581 ad
602 543 822 582 irrisionem
840 545 1044 584 Timarchi
1065 550 1260 584 traxerat:
1289 548 1338 595 (κ.
1359 545 1530 597 Τιμάρχ.
1553 548 1585 593 ξ.
1606 547 1663 584 ις’.

184 604 304 655 med.)
326 608 384 643 καὶ
401 608 484 657 περὶ
503 612 568 652 τῆς
585 606 741 658 ἐρημίας
760 608 896 655 ταύτης
917 610 977 646 καὶ
996 612 1060 646 τοῦ
1080 610 1195 646 τόπου
1224 613 1289 646 τοῦ
1310 609 1352 646 ἐν
1380 612 1423 663 τῇ
1447 607 1582 654 Πνυκὶ,
1610 610 1660 659 μὴ

183 665 415 718 θαυμάσητε,
446 663 475 704 ὦ
497 667 709 715 Ἀθηναῖοι,
729 668 810 721 ἔφη,
837 670 1090 722 (Autolycus)
1110 672 1141 708 εἰ
1165 669 1367 722 Τίμαρχος
1396 670 1662 721 ἐμπειροτέρως

181 728 260 780 ἔχει
277 736 342 775 τῆς
359 728 506 777 βουλῆς
525 740 592 776 τῆς
611 731 649 778 ἐξ
666 732 793 782 ἀρείου
813 732 953 782 πάγου.
1000 732 1104 776 Quae
1125 732 1261 784 verba,
1282 744 1373 770 cum
1394 744 1417 770 a
1434 731 1587 782 populo
1608 731 1661 769 Ob

182 790 380 829 Timarchi
401 805 525 830 mores
545 792 688 830 dubios
709 793 851 844 plausu
871 794 1160 845 exciperentur,
1183 794 1407 846 Autolycus
1428 793 1485 831 rei
1504 793 1662 843 ignarus

180 857 221 890 et
248 852 469 903 indignans,
493 861 656 893 excusat
685 855 902 894 orationem
933 863 972 894 et
1002 870 1137 895 rursus
1164 856 1214 895 ad
1244 856 1430 907 ambigua
1449 854 1662 893 delabitur.

179 913 282 951 Tum
304 928 394 953 vero
415 916 545 954 omnia
571 916 782 966 implentur
801 918 881 956 risu
901 918 1137 970 plausuque.
1195 917 1462 970 Pyrrhander,
1485 919 1664 967 Areopa-

177 975 346 1027 gitarum
366 991 484 1028 unus,
506 979 561 1017 rei
581 980 855 1030 indignitatem
877 994 956 1019 non
976 981 1143 1032 amplius
1164 980 1306 1028 ferens,
1329 981 1466 1032 prodit
1484 985 1524 1019 et
1547 980 1663 1018 casti-

178 1044 244 1089 gat
262 1040 405 1091 populi
430 1041 732 1088 immodestiam,
754 1048 835 1081 tum
856 1044 921 1081 illa
947 1044 1189 1082 facetissima
1215 1043 1421 1094 responsio
1441 1056 1463 1081 a
1484 1041 1662 1093 populo:

177 1102 302 1153 ἰ’σμεν,
324 1101 354 1141 ὦ
370 1103 603 1156 Πῦῤῥανὲρε,
623 1104 680 1143 ὅτι
699 1107 741 1142 οὒ
762 1105 814 1143 δεῖ
834 1109 955 1155 γελᾷν
975 1110 1113 1145 τούτων
1131 1106 1494 1158 (Areopagitarum)
1513 1105 1662 1143 ἐναντί-

177 1175 235 1201 ον·
254 1166 343 1202 ἆλλ’
361 1167 478 1210 οὕτως
504 1168 664 1218 ἰσχυρόν
691 1167 794 1206 ἐστιν
812 1170 834 1214 ἡ
855 1168 1036 1217 ἀλήθεια,
1065 1173 1160 1209 ὥστε
1188 1169 1345 1209 πάντων
1371 1168 1557 1217 ἐπικρατεῖ
1586 1173 1661 1206 τῶν

177 1225 430 1279 ἀνθρωπίνων
449 1232 659 1280 λογισμῶν.

709 1336 740 1377 S
760 1335 799 1376 E
816 1335 852 1378 C
868 1336 924 1378 T.
975 1335 1116 1378 VIII.

757 1418 825 1456 De
844 1418 1075 1458 acerbitate.

231 1495 312 1540 Qui
331 1496 462 1534 omnia
475 1494 655 1546 jucunde
684 1502 722 1545 et
752 1497 982 1548 simpliciter
1001 1496 1110 1544 dicit,
1133 1495 1164 1534 is
1194 1495 1364 1534 fortasse
1384 1494 1602 1534 delectabit
1621 1499 1662 1534 et

174 1557 351 1604 docebit,
373 1570 602 1608 quanquam
623 1571 671 1595 ne
691 1557 732 1595 id
753 1558 915 1608 quidem
944 1571 1101 1609 semper
1121 1556 1280 1596 efficiet.
1336 1557 1523 1596 Studiose
1553 1557 1661 1596 enim

177 1619 343 1671 quaesita
362 1620 531 1658 suavitas
549 1620 640 1670 plus
661 1619 799 1658 afferet
817 1620 1022 1667 molestiae,
1045 1632 1162 1671 quam
1181 1620 1472 1667 delectationis,
1493 1625 1534 1658 et
1554 1619 1660 1658 omni

173 1687 314 1720 ornatu
334 1682 487 1732 privata
514 1681 744 1733 simplicitas
766 1681 958 1720 lectorem
979 1681 1099 1735 facile
1118 1681 1314 1731 fatigabit.
1360 1682 1560 1720 Praeterea
1579 1695 1660 1720 non

172 1756 307 1782 omnes
337 1756 398 1782 res
428 1742 724 1794 simplicitatem
753 1749 793 1782 et
823 1743 976 1793 lepores
1005 1742 1183 1794 capiunt,
1204 1749 1245 1781 et
1270 1749 1362 1782 ante
1393 1744 1536 1791 omnia,
1557 1744 1656 1794 quid

173 1805 328 1857 deceat,
349 1811 482 1844 orator
501 1805 633 1844 videre
651 1805 786 1845 debet.
828 1805 968 1844 Motus
989 1806 1105 1844 etiarn
1126 1805 1166 1843 in
1185 1805 1367 1844 auditore
1389 1806 1519 1844 ciendi
1539 1812 1580 1845 et
1599 1819 1660 1845 ro-

173 1867 248 1906 bur
267 1873 326 1906 est
344 1867 571 1907 addendum
586 1868 716 1906 verbis
737 1874 777 1907 et
799 1868 1015 1907 sententiis.
1051 1869 1159 1920 Ergo
1175 1874 1310 1906 orator
1329 1868 1443 1907 simul
1459 1874 1498 1906 et
1514 1869 1658 1907 acerbe

172 1935 214 1968 et
238 1930 407 1981 graviter
435 1936 475 1969 et
503 1930 693 1969 audacter
721 1936 762 1969 et
787 1931 1042 1971 vehementer
1061 1930 1195 1970 dicere
1215 1930 1392 1969 audebit.
1449 1931 1658 1970 Acerbitas

173 1991 304 2043 igitur,
336 2006 426 2044 quae
454 1999 515 2032 est
548 1994 588 2031 in
616 1992 797 2032 vitiorum
830 1993 1138 2044 reprehensione
1171 1993 1267 2039 acri,
1301 1993 1424 2031 multa
1459 1998 1520 2031 est
1549 1992 1658 2044 apud

173 2055 410 2095 AEschinem.
439 2055 551 2094 Nihil
569 2055 672 2094 enim
690 2056 873 2095 acerbius
892 2056 1059 2106 cogitari
1079 2062 1122 2094 et
1141 2055 1311 2106 intelligi
1331 2061 1464 2106 potest
1487 2069 1535 2094 eo
1556 2055 1659 2103 loco,

173 2117 242 2156 ubi
259 2118 460 2157 Timarchi
481 2118 801 2158 inhumanitatem
818 2132 913 2170 erga
932 2124 1098 2157 matrem
1119 2125 1160 2157 et
1178 2124 1366 2170 patruum
1387 2118 1632 2157 demonstrat
1648 2131 1658 2156 z

173 2181 222 2228 (tc.
240 2180 411 2236 Τιμάρχ.
439 2183 472 2229 ξ.
493 2182 556 2231 κ’.)
586 2182 814 2230 ἱκετευούσης
842 2183 902 2219 καὶ
928 2180 1207 2229 ἀντιβολούσης
1233 2188 1300 2227 τῆς
1329 2180 1660 2233 μητρὸς-ἐᾶσαι

172 2244 234 2280 καὶ
251 2245 304 2293 μὴ
319 2242 548 2291 ἀποδόσθαι,
564 2244 622 2295 (τὸ
642 2245 801 2296 χωρίον)
820 2244 908 2281 ἀλλ’
922 2245 952 2282 εἷ
971 2245 1024 2294 μή
1046 2260 1081 2281 τι
1101 2244 1213 2290 ἄλλο,
1231 2243 1438 2296 ἐνταφῆναι
1456 2242 1660 2280 ὑπολιπεῖν

173 2307 281 2361 αὑτῇ.
300 2305 382 2344 οὒὲἓ
399 2306 530 2345 τούτου
546 2311 609 2345 τοῦ
627 2310 767 2361 χωρίου
785 2307 990 2357 ἀπέσχετο,
1003 2307 1109 2344 ἀλλά
1123 2306 1184 2343 καὶ
1200 2308 1296 2344 τοῦτ’
1310 2304 1484 2344 ἀπέδοτο.
1516 2303 1660 2342 Nonne

175 2366 261 2406 haec
280 2368 463 2406 acerbam
491 2367 839 2419 reprehensionem
859 2369 1094 2408 continent‘!
1141 2368 1288 2406 Nonne
1318 2367 1566 2412 inhumanus,
1590 2366 1658 2417 qui

174 2430 310 2469 matris
329 2444 479 2482 preces,
505 2430 668 2480 orantis,
692 2436 736 2469 ut
765 2432 903 2469 saltem
933 2431 1064 2469 locum
1094 2431 1306 2481 sepulturae
1340 2429 1414 2468 sibi
1446 2429 1659 2478 relinquat,

174 2492 386 2543 repudiat?
414 2493 516 2532 Tum
544 2493 610 2531 illa
629 2506 706 2531 non
726 2494 854 2532 minus
881 2494 1038 2540 acerba,
1061 2505 1151 2544 quae
1183 2498 1228 2531 ut
1253 2492 1406 2530 facilius
1437 2491 1660 2529 sentiantur

175 2555 393 2606 simplicem
413 2556 645 2595 sententiam
662 2568 818 2607 ponam,
833 2556 1063 2594 Timarchus
1077 2554 1327 2607 Arignotam
1339 2553 1527 2606 neglexit.
1555 2553 1658 2598 Jam,

176 2617 377 2667 quomodo
397 2618 602 2657 AEschines
622 2618 776 2664 dixerit,
796 2617 1027 2656 videndum.
1056 2616 1168 2665 (ibid.
1191 2618 1223 2664 ξ.
1249 2617 1307 2654 κά.
1330 2615 1451 2664 med.)
1479 2614 1661 2666 παρωσά-

176 2694 287 2729 μενος
307 2680 428 2732 ἄνδρα
453 2680 668 2733 πρεσβύτην
690 2682 750 2718 καὶ
769 2681 996 2732 ἠτυχηκότα,
1016 2678 1120 2718 θεῖον
1138 2677 1285 2717 ἑαυτοῦ.
1332 2678 1410 2715 Hic
1430 2676 1550 2714 verba
1582 2676 1660 2714 Sin-

179 2741 270 2789 gula
299 2742 573 2793 indignitatem
602 2743 657 2781 rei
686 2749 845 2794 augent.
904 2742 1078 2779 Primum
1107 2753 1186 2779 non
1217 2740 1316 2779 dixit
1345 2740 1560 2791 ἀμελήσας,
1592 2738 1660 2777 sed

179 2804 460 2858 παρωσάμενος,
482 2806 591 2856 quod
614 2806 775 2844 verbum
803 2805 991 2855 majorem
1012 2804 1089 2843 vim
1117 2804 1252 2842 habet.
1310 2802 1466 2841 Deinde
1490 2815 1568 2841 non
1588 2815 1660 2853 ap-

179 2863 341 2914 pellavit
363 2868 518 2906 nomine
548 2868 744 2919 Arignoti‚
771 2867 842 2906 sed
872 2880 1018 2914 senem,
1039 2866 1245 2905 oculorum
1267 2877 1339 2903 usu
1359 2865 1569 2916 privatum,
1590 2877 1660 2915 pa—

178 2931 308 2964 truum
333 2927 533 2973 Timarchi
551 2930 664 2968 dixit.
721 2930 781 2968 Ex
799 2929 941 2969 eodem
969 2942 1110 2980 genere
1139 2933 1230 2967 sunt
1259 2926 1348 2965 illa:
1377 2926 1493 2976 (ibid.
1525 2927 1564 2977 §.
1588 2926 1659 2975 κγ’.

179 2987 304 3036 med)
321 2990 418 3042 ἀνὴρ
444 2993 502 3030 καὶ
521 2995 630 3042 γυνή.
680 2992 731 3030 Et
749 3005 882 3032 rursus
901 2992 1022 3032 verba
1040 2991 1225 3032 πιστεύων
1243 2995 1321 3035 τοῖς
1340 2992 1470 3041 νόμοις
1491 2990 1551 3028 καὶ
1570 2990 1661 3040 ὑμῖν

186 3060 294 3088 von.
318 3061 347 3089 1.
837 3055 861 3080 ἕξ
889 3068 906 3092 e
