1982 3340
332 199 468 240 xxviii
821 199 871 242 C.
913 199 961 242 F.
994 199 1291 243 MATTHAEI

327 306 489 345 rissimis
526 307 668 346 reddet
707 307 913 356 sollicitos,
951 307 1251 359 rempublicam,
1290 306 1464 346 civitatis
1502 313 1657 357 statum,
1691 310 1799 362 leges

326 368 629 420 libertatemque
650 370 801 415 violari,
822 370 951 421 rumpi
971 376 1010 408 et
1029 371 1172 408 vastari
1191 370 1365 408 docebit.
1397 371 1429 407 E
1449 371 1578 409 verbis
1597 372 1801 411 adhibebit

327 431 568 482 gravissima,
590 433 852 471 audacissima
872 440 912 471 et
938 435 988 471 ab
1010 446 1082 470 usu
1104 434 1291 471 sermonis
1311 433 1514 484 popularis
1539 435 1802 476 abhorrentia.

329 495 639 546 Compositionis
667 501 706 534 et
733 502 942 534 structurae
974 496 1282 535 concinnitatem
1313 496 1627 547 suavitatemque
1647 497 1800 545 vitabit,

326 557 516 608 loquetur
546 558 749 605 dissoluta,
781 572 936 609 aspera,
963 559 1146 608 abrupta,
1166 565 1206 597 et
1236 558 1481 608 frequentius
1512 558 1662 607 incisis,
1682 573 1800 610 quam

328 619 511 658 membris
532 620 655 671 longis
675 627 716 658 et
735 620 954 671 aequalibus
972 625 1120 670 utetur,
1139 620 1356 658 animorum
1377 621 1607 671 auriumque
1631 621 1804 659 delecta·

326 680 473 719 tionem
494 695 573 720 non
590 683 759 722 curabit.
790 684 879 722 Jam
896 696 986 722 cum
1003 683 1078 721 hac
1091 682 1347 721 vehementiae
1363 683 1522 721 notione
1539 683 1805 734 comparanda

329 749 422 781 sunt
442 744 626 795 quaedam
648 746 736 784 loca
758 746 953 784 AEschinis
969 749 1016 795 (κ.
1030 746 1197 797 Κτησιφ.
1219 748 1250 792 ξ.
1267 746 1347 794 ἐξ.)
1366 747 1419 788 εἷς
1436 748 1521 797 τρία
1540 746 1634 797 μέρη
1655 745 1804 796 διαιρεῖ-

326 822 387 843 ται
407 809 429 852 ἡ
449 809 584 858 ἡμέρα,
606 806 699 847 ὅταν
715 810 813 862 εἰσίῃ
834 810 960 860 γραφὴ
979 808 1210 859 παρανόμων
1228 809 1280 850 εἷς
1296 807 1336 846 τὸ
1356 806 1604 857 δικαστήριον.
1633 807 1805 859 ἐγχεῖται

327 871 405 919 γάρ
425 869 467 906 τὸ
487 868 556 921 μὲν
571 877 715 920 πρῶτον
731 869 827 921 ὕδωρ
846 872 896 922 τῷ
917 871 1123 922 κατηγόρῳ,
1146 871 1206 906 καὶ
1225 874 1301 913 τοῖς
1322 871 1466 921 νόμοις,
1486 870 1545 906 καὶ
1563 871 1608 924 τῇ
1627 868 1807 920 δημοκρα-

325 934 401 979 τίᾳ·
423 931 465 969 τὸ
487 931 523 969 δὲ
545 930 710 982 δεύτερον
735 932 843 984 ὕδωρ,
865 936 914 984 τῷ
935 934 1003 977 τὴν
1028 935 1177 984 γραφὴν
1197 935 1371 983 φεύγοντι
1392 933 1452 968 καὶ
1471 936 1551 974 τοῖς
1575 933 1630 974 εἰς
1651 931 1741 969 αὑτὸ
1765 931 1806 970 τό

325 998 487 1045 πρᾶγμα
506 996 701 1043 λέγουσιν.
733 994 887 1033 ἐπειδάν
908 993 945 1032 δὲ
965 998 1009 1049 τῇ
1029 999 1155 1049 πρώτῃ
1182 994 1291 1045 ψὴψῳ
1311 995 1360 1045 μὴ
1380 995 1474 1048 λυθῇ
1500 993 1541 1031 τὸ
1566 993 1805 1044 παράνομον,

323 1054 392 1101 ἤδη
412 1056 452 1094 τὸ
472 1060 597 1109 τρίτον
625 1056 720 1107 ὕδωρ
743 1058 919 1111 ἐγχεῖται
945 1060 991 1109 τῇ
1021 1061 1167 1108 τιμήσει
1188 1057 1249 1093 καὶ
1269 1059 1319 1108 τῷ
1350 1058 1498 1107 μεγέθει
1516 1064 1582 1101 τῆς
1603 1056 1718 1105 ὀργῆς
1738 1065 1806 1102 τῆς

322 1118 517 1168 ὑμετέρας.
546 1118 649 1162 ὅστις
678 1118 747 1171 μὲν
774 1118 841 1158 οὖν
860 1119 901 1158 ἓν
919 1121 967 1164 τῇ·
981 1120 1129 1170 τιμήσει
1148 1120 1214 1164 τὴν
1233 1118 1359 1169 ψῆφον
1379 1119 1486 1165 αἰτεῖ,
1511 1119 1580 1163 τὴν
1601 1117 1720 1167 ὀργὴν
1740 1119 1807 1163 τὴν

324 1181 506 1232 ὑμετέραν
535 1187 787 1233 παραιτεῖται·
819 1182 923 1226 ὅστις
953 1181 992 1219 δὲ
1020 1182 1061 1220 ἐν
1090 1184 1139 1234 τῷ
1160 1180 1292 1233 πρώτῳ
1320 1180 1424 1232 λόγῳ
1453 1182 1521 1226 τὴν
1549 1180 1675 1231 ψῆφον
1699 1183 1806 1228 αἰτεῖ,

324 1242 432 1294 ὅρκον
448 1247 558 1291 αἰτεῖ,
575 1246 694 1297 νόμον
709 1247 817 1293 αἰτεῖ,
835 1245 1091 1297 δημοκρατίαν
1107 1247 1217 1290 (tirel,
1238 1239 1290 1284 ὧν
1310 1241 1391 1281 οὔτε
1411 1245 1562 1288 αἰτῆσαι
1580 1241 1685 1281 οὐδὲν
1701 1242 1806 1281 ὅσιον

324 1304 460 1352 οὐδενὶ,
490 1307 563 1345 οὔτ’
593 1309 791 1354 αἰτηθέντα
819 1306 929 1360 ἑτέρῳ
959 1306 1102 1345 δοῦναι.
1131 1309 1330 1345 κελεύσατε
1359 1303 1425 1343 οὖν
1453 1305 1590 1348 αὐτοὺς
1615 1304 1807 1348 ἐάσαντας

324 1367 423 1419 ὑμᾶς
442 1370 510 1415 τὴν
529 1371 679 1421 πρώτην
699 1371 824 1423 ψῆφον
844 1372 940 1408 κατα*
960 1368 1047 1412 τοὺς
1068 1371 1206 1420 νόμους
1234 1369 1447 1418 διενεγκεῖν,
1468 1369 1645 1417 ἀπαντᾷν
1664 1370 1720 1411 εἷς
1739 1370 1806 1414 τὴν

324 1434 493 1482 τίμησιν.
540 1431 765 1483 Simplicius
784 1432 872 1470 haec
894 1431 1059 1470 dixisset
1078 1431 1156 1470 Sic:
1186 1431 1360 1484 ἐγχεῖται
1381 1431 1422 1469 τὸ
1442 1429 1512 1482 μὲν
1531 1436 1677 1481 πρῶτον
1696 1430 1806 1482 ὕδωρ,

325 1495 376 1545 τῷ
396 1496 602 1546 κατηγόρῳ·
625 1495 665 1533 τὸ
679 1495 718 1532 δὲ
733 1494 914 1546 δεύτερον,
933 1497 983 1547 τῷ
1002 1497 1191 1546 φεύγοντι·
1212 1493 1253 1531 τὸ
1273 1493 1313 1531 δὲ
1331 1492 1470 1543 τρίτον,
1483 1498 1561 1537 τοῖς
1581 1492 1805 1538 δικάζουσιν.

325 1556 381 1592 At
402 1555 520 1604 longe
543 1556 809 1594 vehementius
832 1556 899 1593 illo
918 1556 1052 1594 modo.
1098 1556 1263 1600 Rursus,
1285 1567 1375 1604 quae
1402 1554 1443 1592 in
1469 1553 1547 1592 fine
1567 1553 1678 1601 dixit,
1699 1554 1807 1604 ὅρκον

324 1618 433 1663 αἰτεῖ,
465 1619 582 1668 νόμον
612 1620 723 1664 αἰτεῖ,
745 1617 999 1669 δημοκρατίαν
1025 1619 1136 1665 αἰτεῖ,
1161 1629 1207 1654 ea
1237 1614 1370 1653 omnia
1389 1614 1475 1664 jam
1495 1620 1607 1653 erant
1626 1626 1808 1667 compre·-

321 1678 444 1716 hensa
465 1679 503 1716 in
524 1679 654 1717 verbis
685 1682 753 1724 τὴν
782 1680 903 1730 ὀργὴν
932 1681 1001 1724 τὴν
1029 1679 1211 1729 ὑμετέραν
1240 1682 1488 1729 παραιτεῖται.
1548 1678 1649 1715 Cum
1677 1676 1813 1716 autent

316 1739 476 1791 judices
500 1740 781 1791 jurisjurandi,
802 1741 946 1792 legum,
966 1739 1242 1790 libertatisque
1263 1739 1463 1785 admonet,
1493 1739 1611 1789 longe
1632 1746 1723 1778 sunt
1741 1754 1809 1779 ve-

322 1803 581 1842 hementiora.
639 1803 767 1841 Etiam
790 1803 912 1842 verba
941 1801 1135 1852 adjuvant
1155 1801 1458 1849 vehementiam,
1478 1801 1599 1840 veluti
1623 1802 1664 1840 τὸ
1685 1805 1809 1854 τρίτον

321 1866 416 1919 ὕδωρ
436 1868 610 1919 ἐγχεῖται
628 1870 673 1923 τῇ
694 1872 840 1919 τιμήσει
862 1868 922 1905 καὶ
941 1869 992 1919 τῷ
1005 1867 1235 1919 μεγέθειτῆς
1255 1867 1372 1917 ὀργῆς
1387 1874 1453 1912 τῆς
1468 1866 1665 1917 ὑμετέρας,
1683 1871 1722 1904 et
1736 1866 1810 1904 du-

320 1929 401 1967 rior
420 1929 599 1979 ejusdem
621 1930 734 1968 verbi
762 1931 881 1968 (ιῖτεῖν
911 1928 1109 1979 repetitio..
1165 1929 1255 1967 Jam
1286 1941 1374 1966 cum
1395 1927 1434 1966 in
1460 1927 1538 1966 alia
1559 1929 1738 1966 oratione
1760 1929 1808 1979 (κ.

320 1991 493 2044 Τιμάρχ.
510 1994 543 2040 ξ.
558 1993 643 2042 λζ’.)
663 1992 835 2044 appellat
847 1991 1021 2043 judices,
1043 2003 1112 2029 eos
1132 1990 1290 2029 infamia
1310 1995 1443 2039 terret,
1462 1996 1502 2029 et
1521 1990 1742 2042 disciplinae
1762 1991 1808 2029 li-

322 2054 504 2093 berorum
519 2055 718 2101 admonet,
739 2056 826 2094 τίνα
843 2054 880 2093 δὲ
901 2054 1000 2106 ἔχων
1016 2054 1171 2098 ἕκαστος
1193 2059 1269 2092 etc.
1285 2059 1325 2092 et
1346 2053 1467 2105 paulo
1487 2059 1594 2104 post,
1610 2065 1698 2092 cum
1714 2066 1809 2104 neg-

321 2117 524 2168 ligentiam
544 2131 680 2156 eorum
696 2130 855 2157 causam
876 2117 1142 2156 calamitatum
1163 2116 1394 2168 reipublicae
1415 2115 1525 2162 facit,
1545 2115 1627 2155 εἶτα
1658 2120 1693 2155 τί
1719 2119 1809 2155 Hav-

322 2180 488 2232 μάζομεν
514 2184 582 2228 τὴν
609 2183 735 2228 κοινὴν
766 2182 978 2232 ἀπραξιάν;
1007 2179 1115 2224 Quid
1146 2179 1273 2217 dicam
1307 2178 1356 2216 de
1385 2177 1445 2216 his
1475 2178 1592 2230 (ibid.
1613 2182 1644 2227 ξ.
1665 2181 1732 2228 ιὴῤ)
1750 2182 1809 2222 τίς

324 2245 398 2293 γὰρ
414 2244 436 2288 ἢ
457 2250 530 2281 τῶν
546 2244 770 2282 λωποδυτῶν
790 2244 812 2289 ἢ
834 2250 907 2282 τῶν
933 2246 1103 2281 κλεπτῶν
1120 2247 1197 2280 etc.
1219 2247 1288 2280 aut
1308 2241 1358 2280 de
1375 2242 1451 2280 hoc
1468 2241 1557 2279 loco
1573 2243 1625 2291 (κ.
1642 2241 1807 2294 Κτησιφ.

324 2309 355 2352 ξ.
382 2306 468 2354 νθ’.)
487 2309 646 2357 πότερον
666 2309 756 2358 ὑμῖν
779 2312 854 2344 etc.
876 2305 946 2344 ubi
972 2305 1167 2343 clarorum
1189 2304 1358 2342 virorum
1378 2317 1439 2342 res
1457 2308 1586 2354 gestas
1603 2308 1810 2354 comparat

325 2380 414 2405 cum
435 2368 690 2419 improbitate
708 2367 1001 2413 Demosthenis,
1022 2367 1175 2405 illorum
1195 2365 1358 2417 praemia
1372 2366 1505 2403 tenuia
1520 2370 1559 2405 et
1575 2364 1806 2403 modestiam

324 2443 413 2469 cum
435 2430 552 2480 hujus
573 2431 796 2481 arrogantia
816 2435 856 2468 et
882 2429 1100 2479 cupiditate
1122 2428 1341 2475 contendit,
1363 2427 1401 2465 in
1416 2427 1576 2477 judices
1595 2427 1806 2475 invehitur,

324 2505 472 2542 eosque
494 2499 619 2544 rogat,
644 2499 773 2530 utrum
795 2491 848 2529 eis
876 2491 1128 2542 praestantior
1148 2490 1325 2528 videatur
1356 2489 1556 2528 Miltiades
1581 2495 1620 2527 et
1646 2489 1805 2528 Themi-

326 2558 485 2601 stocles,
512 2569 562 2593 an
592 2555 897 2599 Demosthenes,
924 2554 974 2591 de
1003 2566 1082 2603 quo
1111 2553 1198 2590 haec
1229 2552 1364 2590 addit:
1394 2553 1482 2589 ἀλλ’
1501 2550 1624 2601 ’έγωγε
1644 2554 1701 2603 μοὶ
1721 2550 1807 2594 τοῦς

324 2618 432 2662 θεοὺς
451 2617 538 2662 τοὺς
568 2618 794 2669 ὀλυμπίους,
816 2616 890 2654 οὐδ’
912 2617 953 2654 ἐν
973 2621 1057 2658 ταῖς
1077 2617 1211 2658 αὐταῖς
1239 2616 1395 2666 ἡμέραις
1420 2616 1523 2662 ἄξιον
1548 2616 1714 2666 ἡγοῦμαι
1739 2629 1806 2664 με-

324 2683 490 2732 μνῆσθαι
508 2685 571 2720 τοῦ
589 2683 715 2731 θηρίου
734 2679 863 2718 τούτου
883 2679 944 2716 καὶ
963 2678 1112 2716 ἐκείνων
1130 2684 1202 2716 τῶν
1222 2677 1382 2729 α’νόρῶν.

896 2781 1066 2824 SECT.
1100 2782 1221 2824 XII.

770 2857 836 2896 De
856 2857 1125 2896 concinnitate
1146 2861 1183 2894 et
1189 2854 1365 2908 figuris.

378 2927 438 2965 Ex
458 2933 552 2979 apta
566 2929 786 2976 verborum,
800 2927 1027 2973 incisorum‚
1045 2927 1389 2977 membrorumque
1403 2924 1588 2964 orationis
1604 2929 1805 2964 structura

323 2994 363 3029 et
383 2990 663 3042 conjunctione
684 2991 808 3031 oritur
834 2989 1097 3033 concinnitas.
1155 2989 1270 3028 Hanc
1293 3001 1366 3028 nec
1385 2989 1501 3040 plane
1520 2988 1716 3039 negligere
1736 2986 1804 3025 de-
