1899 3322
436 190 522 233 AD
555 189 652 233 OR.
685 189 749 231 IN
782 185 1287 229 CTESIPHONTEM.

126 297 253 338 vulgata
268 307 389 337 quoque
406 297 542 334 defendi,
565 297 592 327 si
608 296 669 337 ἔπρ.
693 296 845 335 interpre-

128 342 217 377 teris,
232 342 360 382 legutum
376 343 446 380 egit.

170 385 247 414 ibid.
265 395 294 414 v.
314 387 366 415 19.
381 383 576 423 καθεζόμενος]
607 383 724 411 Volunt
741 393 845 420 wgoua-

126 425 187 465 θεζ.
208 428 238 456 in
255 438 316 465 quo
338 438 406 457 cum
432 428 531 457 MStis
552 425 697 464 Stephani
722 425 845 454 schedae

126 480 248 510 quoque
264 471 429 509 Scrimgeri
441 470 643 499 consentiunt.
688 468 750 496 Sed
768 468 845 497 bene

125 513 221 543 habet
241 513 378 552 vulgata,
398 514 530 553 primum
553 512 637 546 ideo,
665 511 760 549 quod,
783 510 845 540 isto

126 556 250 594 quidem
271 566 374 591 sensu,
389 566 480 594 quem
502 555 605 584 inesse
630 554 737 583 volunt
755 564 846 583 voca-

125 599 198 628 bulo
221 597 468 638 προκαὲἑζεσὲοιι,
494 608 553 627 non
576 598 622 626 sic
645 597 767 632 dicitur,
789 597 845 626 sed

125 641 305 681 σςοεδςεύειν.
321 647 397 678 turn,
411 642 492 681 quod
507 638 684 679 καθέζεσθαι
700 640 729 669 11.
747 641 766 669 l.
784 645 846 669 tor-

124 695 243 724 porem,
260 685 436 723 segnitiem,
459 684 625 724 ignaviam,
649 683 846 722 supinitatem

124 727 281 767 significet
299 728 329 757 in
346 727 566 757 committendo
583 727 699 756 scelere
716 726 846 766 ignomi-

123 771 223 807 nioso,
238 771 398 810 prodendo
416 771 485 800 scil.
502 770 601 800 amico
614 777 644 799 et
661 769 748 799 socio
767 771 799 798 Ρ.
810 771 845 800 Α.

124 813 236 844 Potest
250 824 372 853 quoque
387 812 563 854 καθέζεσθαι
581 814 610 843 h.
627 813 646 842 l.
664 812 847 852 simpliciter

121 857 258 892 assidere,
272 858 407 887 interesse
420 858 587 893 conventui,
610 856 794 896 significare,
813 860 847 886 ut

123 900 226 929 statim
242 905 315 939 post.
329 901 376 930 οὒκ
391 898 511 931 ἐκάθητο
527 899 660 939 σύνεδρος.

164 943 241 973 ibid.
256 953 288 973 v.
304 953 377 983 pen.
400 946 483 983 μετὰ
506 946 562 973 τῶν
582 943 677 972 ἄλλων
699 943 846 983 γραμμά-

120 986 194 1027 των]
232 986 371 1022 Ferrem,
407 987 434 1016 si
469 987 626 1025 legeretur
654 986 726 1025 μετ’
751 986 848 1015 ἄλλων

116 1039 246 1069 γςαμμ.
260 1030 336 1065 {sine
360 1029 503 1065 articulo,
522 1034 558 1059 ut
577 1030 728 1059 sententia
751 1033 846 1066 esset,

122 1081 183 1102 una
197 1083 265 1103 cum
287 1072 358 1103 aliis
374 1073 535 1109 clausulis,
551 1083 628 1112 quas
651 1073 846 1103 Philocrates

120 1115 238 1151 furtim,
251 1116 372 1155 injussu
388 1116 505 1156 populi,
522 1126 620 1154 eoque
641 1116 750 1152 inscio,
765 1126 846 1154 prae-

122 1162 171 1188 ter
185 1160 242 1194 fas,
260 1169 350 1189 secus
365 1165 458 1198 atque
475 1159 586 1189 scitum
607 1164 700 1194 esset,
714 1159 847 1188 auctori-

121 1206 184 1231 tate
199 1212 282 1232 mere
296 1212 362 1237 sua,
375 1202 406 1231 in
422 1202 583 1231 formulam
598 1202 683 1240 pacis
699 1202 845 1231 immisis-

121 1249 182 1280 set,
197 1254 269 1274 vera
285 1245 372 1274 falsis
384 1245 531 1279 miscens,
546 1245 638 1274 etiarn
662 1244 738 1273 hanc
762 1245 846 1273 clau-

121 1287 218 1317 sulam
240 1287 383 1326 subjecit.
408 1297 475 1317 nam
498 1287 558 1316 hoc
573 1292 621 1316 est
636 1288 845 1327 παρεγγράφειν

118 1340 199 1361 secus
219 1340 342 1360 exarare
365 1336 454 1370 atque
479 1335 634 1369 oporteret.
659 1329 789 1368 injicere
812 1331 844 1359 iu

119 1374 269 1413 scriptum
285 1384 333 1410 ea,
349 1383 418 1413 quae
439 1383 500 1403 non
523 1373 628 1409 liceat,
652 1373 684 1402 in
704 1373 843 1403 fraudem

117 1418 198 1455 ejus,
212 1418 300 1456 cujus
315 1427 407 1447 causa
421 1417 454 1446 id
470 1420 626 1446 exaretur.
670 1415 843 1445 Verborum

118 1465 221 1490 autem
243 1460 314 1489 loco
340 1461 405 1492 τοὺς
429 1458 566 1501 συνέδρους
587 1461 643 1488 τῶν
669 1459 843 1499 συμμάχων

118 1505 295 1543 subjecerat
322 1503 515 1533 Philocrates
540 1503 618 1538 haee,
645 1502 774 1531 multum
805 1503 843 1531 ab

118 1545 182 1576 illis
198 1548 235 1576 ad
250 1547 432 1577 sententiam
449 1546 585 1581 diversa,
600 1547 665 1579 τοὺς
679 1544 843 1585 συνεδρεύον-

117 1601 182 1624 τας.
214 1590 275 1619 Illa
292 1590 378 1630 prior
394 1589 491 1619 dictio
509 1590 660 1629 significat
677 1590 846 1628 deputatos

114 1634 310 1669 Graeoorum,
332 1644 383 1663 res
399 1632 560 1662 civitatum
586 1632 713 1662 Athenis
728 1642 842 1672 procu-

114 1681 228 1711 rantes,
247 1676 371 1706 tametsi
386 1680 457 1706 actu
473 1676 605 1706 Athenis
622 1676 702 1705 haud
728 1675 841 1713 adsint,

114 1720 171 1749 sed
186 1730 258 1750 rnre
272 1724 375 1759 agant,
387 1719 498 1749 aliisve
511 1720 605 1749 rebus
617 1729 741 1758 operam
754 1719 841 1749 dent.

115 1762 194 1793 Haec
211 1767 312 1793 autem
325 1762 493 1802 posterior,
507 1762 701 1792 consiliarios
715 1763 840 1793 Graeco-

114 1815 182 1835 rum
197 1810 269 1836 actu
287 1806 355 1845 ipso
365 1807 530 1844 fungentes
543 1815 668 1836 munere
685 1815 752 1842 suo,
769 1816 840 1836 con-

113 1849 245 1879 fidentes
262 1854 352 1887 atque
374 1849 594 1879 deliberantes.
639 1848 841 1889 Quapropter

113 1893 257 1932 suspicor
271 1892 451 1922 AEschinem
473 1892 504 1923 h.
521 1892 543 1922 1.
559 1903 619 1922 non
642 1893 840 1933 γςαμμάτων,

115 1937 172 1966 sed
196 1937 380 1976 κλεμμάτων
409 1936 548 1966 dedisse.
576 1946 640 1966 una
669 1946 738 1966 cum
773 1937 841 1967 aliis

103 1978 217 2020 furtis.
240 1985 304 2016 aut,
329 1985 434 2019 praeter
456 1979 519 2009 alia
530 1979 638 2020 furta.
671 1979 839 2019 Appellant

114 2022 218 2052 Graeci
235 2021 418 2062 κλέμματα,
431 2027 461 2051 et
473 2023 590 2062 pariter
607 2022 722 2058 Latini,
728 2022 838 2063 furta,

112 2065 239 2095 fraudes
250 2076 338 2095 omne
359 2075 468 2105 genus,
485 2066 619 2099 facinora
633 2065 837 2103 clandestina,

113 2109 226 2148 quibus
242 2109 497 2145 circumveniare,
512 2108 645 2148 pecunia
660 2119 837 2147 emungare,

109 2152 247 2190 juribus,
263 2151 441 2187 honoribus,
459 2152 672 2182 emolumentis
696 2153 837 2188 mnltere,

113 2205 304 2235 qnaecunque
331 2194 515 2234 obrepticia,
539 2196 638 2225 inscio
670 2199 701 2226 et
736 2195 836 2226 invito

111 2238 170 2268 tibi
186 2239 270 2274 fiant,
286 2239 340 2269 abs
353 2244 385 2269 te
402 2240 607 2278 impetrentur
625 2243 657 2268 et
673 2243 837 2279 extorque-

112 2285 213 2318 antur,
226 2292 296 2322 quae
311 2286 344 2312 tu
360 2293 418 2312 non
435 2282 478 2312 sis
493 2282 620 2317 laturus,
635 2283 660 2312 si
677 2282 772 2319 scias,
785 2289 837 2314 aut

112 2325 190 2355 satis
201 2326 356 2356 attendas.
371 2337 400 2357 v.
417 2336 450 2365 p.
464 2328 539 2356 214.
554 2336 583 2355 v.
600 2328 629 2355 1.

156 2367 182 2408 §.
199 2369 243 2400 κή.
265 2378 296 2407 p.
314 2371 389 2399 201.
411 2379 444 2399 v.
463 2368 519 2398 ult.
541 2368 620 2408 μόνον
641 2367 690 2398 καὶ
713 2370 835 2411 πςῶτον]

112 2411 147 2442 81
161 2413 245 2443 semet
258 2411 291 2441 id
306 2413 418 2442 factum
437 2416 497 2447 est,
511 2412 619 2442 inutile
637 2416 685 2441 est
700 2413 772 2442 addi
788 2414 836 2443 καὶ

112 2457 231 2496 πρῶτον.
265 2455 344 2485 Nam
357 2456 490 2495 primum
503 2455 620 2495 aliquid
635 2456 750 2485 factum
767 2466 836 2486 esse

112 2508 183 2528 cum
198 2498 343 2535 dicimus,
366 2498 574 2538 significamus
597 2498 680 2528 idem
701 2504 837 2539 postmo-

111 2541 185 2572 dum
199 2541 312 2572 iterum
333 2546 424 2581 atque
440 2542 551 2572 iterum
566 2542 739 2571 factitatum
755 2552 834 2572 esse.

112 2584 222 2614 Saltim
244 2586 341 2615 verba
369 2585 415 2615 sic
440 2585 621 2620 struxisset,
647 2587 758 2625 πρῶτον
785 2584 838 2615 καὶ

111 2625 202 2666 μόνον.
225 2629 442 2659 Verumtamen
455 2628 556 2658 solere
575 2628 757 2658 AEschinem
771 2629 836 2658 haec

112 2670 175 2700 duo
191 2670 366 2711 hom-quem
381 2672 507 2711 vulgata
527 2672 592 2709 dat,
614 2671 721 2702 ordine
739 2682 836 2712 copu-

113 2712 189 2750 lafe,
204 2719 324 2744 constat
339 2725 356 2744 e
372 2725 446 2754 pag.
463 2716 538 2746 203.
557 2726 586 2745 v.
600 2716 631 2745 3.

154 2757 234 2787 ibid.
251 2756 393 2797 (πρέσβεις
407 2758 446 2792 εἷς
460 2757 600 2799 πςοεδςίαν
613 2756 706 2798 ἔθηκε]
734 2758 838 2787 Verba

112 2799 189 2836 haeo,
213 2800 325 2831 vitiose
351 2800 555 2831 redundantia
585 2807 616 2831 et
644 2802 838 2840 amputanda,

115 2843 203 2873 uncis
218 2843 413 2874 incluseram.
442 2844 505 2874 Sed
523 2845 643 2884 praetuli
659 2843 778 2875 ἐκάλεσε
795 2855 835 2874 ex

116 2885 292 2916 Helmstad.

155 2939 186 2968 p.
205 2932 277 2960 202.
293 2940 321 2959 v.
337 2930 369 2960 5.
382 2927 654 2971 ἒγκατοιγὲλαστον]
673 2929 781 2960 Malim
795 2930 837 2960 εὖ·

115 2970 349 3009 Μαγέλαστον.

160 3013 186 3053 ᾧ.
203 3013 256 3046 κθ’.
273 3025 305 3056 p.
322 3017 397 3047 202.
418 3027 450 3046 v.
472 3018 520 3047 12.
544 3014 653 3056 ἐαυτῷ]
676 3016 714 3046 Id
740 3020 787 3047 est
811 3014 838 3045 ἐν

1487 175 1596 225 355

879 291 985 331 incurii,
1002 292 1052 322 vel
1068 291 1133 332 πρὸς
1155 291 1178 321 ἒ.
1201 293 1282 331 apud
1304 299 1398 329 semet,
1422 293 1472 323 vel
1489 292 1554 334 πρὸς·
1569 292 1603 323 τὸ

880 336 979 366 ἑαυτοῦ
1001 334 1155 375 συμφέρον.
1178 338 1212 364 in
1234 346 1320 365 suum
1341 338 1528 366 commodum.
1550 342 1603 366 ant

880 381 969 409 deest
990 378 1110 418 συμβὰν
1134 380 1318 414 insomnium,
1341 380 1415 418 quod
1442 381 1496 409 sibi
1522 381 1601 409 obve-

880 424 975 452 nisset.

922 466 999 495 ibid.
1015 475 1046 493 v.
1063 464 1121 494 ult.
1144 463 1264 503 ἑβδόμην
1289 463 1408 505 ἧμὲραν]
1435 463 1516 494 Filia
1530 466 1600 504 jam

879 509 913 538 in
929 509 1083 547 septimum
1098 508 1175 538 diem
1191 508 1253 537 zita
1269 507 1426 548 defuncta.
1443 508 1472 536 h.
1488 519 1515 537 e.
1530 519 1600 537 cnm

876 553 940 590 jam
954 552 1130 589 septiduum
1147 550 1342 589 praeterisset
1358 550 1395 578 ab
1413 560 1547 580 excessu
1565 552 1599 580 fi-

882 595 941 624 liae.
987 595 1228 624 Convenientius
1244 594 1304 622 hoc
1319 597 1368 622 est
1381 594 1458 622 mori
1474 595 1601 624 Graeco-

880 648 946 667 rum
965 637 1123 676 loquendi,
1147 648 1237 677 quam
1258 636 1302 672 id,
1323 636 1404 675 quod
1422 636 1536 675 Taylor
1559 638 1601 667 ait

882 691 914 711 se
930 682 1087 720 pras-ferre.
1414 714 1422 724 .

925 735 955 763 p.
973 727 1047 755 ⁶203.
1064 734 1094 753 v.
1112 727 1142 754 1.
1158 725 1198 753 τὲ
1212 721 1399 763 νομιζόμενα]
1419 723 1600 761 Justa,quae

881 767 933 797 die
949 769 987 797 ab
1003 767 1091 797 exitu
1109 778 1188 797 nona
1201 766 1268 796 fieri
1277 766 1346 805 lege
1360 767 1511 796 sancitum
1524 772 1600 796 erat.

881 821 972 850 quam
987 811 1090 851 legem
1106 811 1240 851 migrans
1259 809 1484 840 Demosthenes
1500 819 1600 849 wagn-

881 853 970 895 νέμει.

925 898 1002 928 ibid.
1019 909 1050 928 v.
1067 900 1097 929 2.
1114 897 1226 938 λαβὼν]
1243 897 1339 930 Bazira
1352 896 1457 926 Mead.
1468 906 1525 925 non
1537 906 1600 925 ma-

880 940 930 978 le;
953 946 985 971 et
1007 942 1112 971 nescio
1142 942 1234 970 etiam
1260 951 1296 970 an
1324 940 1435 969 melius
1463 939 1598 978 vulgata.

881 984 1033 1018 ἀναλαβὼν
1050 985 1248 1020 Plutarchus,
1269 983 1328 1013 nisi
1346 983 1399 1012 ille
1415 987 1468 1012 aut
1484 993 1601 1012 memo-

881 1028 958 1058 riter
973 1028 1128 1063 recitavit,
1145 1032 1198 1057 aut
1212 1038 1298 1057 more
1313 1026 1459 1066 loquendi
1479 1026 1599 1056 verbis·-

882 1082 943 1111 que
959 1071 1035 1102 suis.

923 1114 1001 1144 ibid.
1022 1125 1054 1144 v.
1070 1115 1102 1144 ⁷.
1119 1113 1188 1155 ἰπερὶ
1212 1112 1348 1154 πλείονος]
1375 1112 1542 1152 vulgatam
1573 1111 1600 1141 si

879 1162 1010 1192 tuemur,
1023 1157 1081 1187 erit
1091 1157 1221 1191 πλείονος,
1232 1157 1354 1187 tametsi
1372 1155 1600 1194 comparativus

881 1206 940 1237 est,
970 1201 1185 1239 accipiendum
1215 1210 1273 1238 pro
1303 1199 1435 1237 simplici
1462 1199 1599 1238 positivo

879 1243 940 1282 περὶ
959 1244 1088 1272 (πολλοῦ.
1107 1243 1139 1272 id
1157 1243 1240 1281 quod
1264 1253 1281 1271 a
1303 1252 1388 1272 more
1413 1242 1522 1271 Graeco
1539 1252 1599 1270 non

879 1286 1034 1315 abhorret.
1081 1286 1133 1316 Sin
1165 1291 1266 1315 autem
1294 1284 1525 1324 comparativus
1549 1285 1599 1314 hic

879 1329 972 1359 etiam
989 1328 1130 1358 hocloco
1142 1328 1206 1358 vim
1221 1339 1306 1358 suam
1318 1329 1446 1363 obtinet,
1458 1339 1517 1366 qua
1530 1329 1598 1358 aliis

879 1372 1023 1401 omnihus
1048 1371 1078 1400 in
1103 1371 1191 1406 locis,
1215 1373 1297 1410 quod
1321 1371 1462 1410 equidem
1486 1373 1598 1408 norim,

881 1415 1005 1453 gaudet,
1021 1425 1148 1444 necesse
1165 1421 1212 1445 est
1227 1417 1282 1444 τῶν
1294 1414 1446 1453 ἀλλοτξίων
1459 1415 1532 1454 legi,
1546 1420 1598 1445 aut

880 1456 894 1488 ἢ
910 1459 976 1492 τοὺς
990 1457 1162 1497 ἇλλοτξίους,
1179 1469 1266 1498 quam
1281 1458 1401 1487 alienos.

923 1500 949 1540 ᾗ.
967 1500 1004 1530 λ’.
1021 1511 1053 1540 p.
1073 1504 1144 1533 203.
1161 1509 1303 1539 antepen.
1318 1500 1445 1541 ἐπέστη]
1464 1499 1597 1539 Repente

876 1544 958 1574 ‘nobis
973 1546 1149 1583 superrenit,
1168 1546 1323 1583 apparuit,
1346 1549 1378 1573 ut
1391 1544 1596 1574 formidabilis

877 1587 993 1626 aliquis
1011 1592 1141 1617 cometa.

920 1641 952 1670 p.
969 1633 1043 1662 204.
1059 1641 1090 1660 v.
1108 1635 1138 1662 Ξ.
1155 1629 1205 1671 τε]
1234 1630 1318 1660 Dedi
1334 1630 1372 1660 de
1389 1641 1456 1661 meo
1472 1629 1539 1671 μὲν,
1555 1632 1595 1661 ob

875 1674 1045 1713 insequens
1062 1674 1101 1705 δέ.

917 1717 994 1748 ibid.
1012 1729 1042 1747 v.
1061 1720 1092 1748 3.
1107 1716 1244 1758 προτέρω]
1269 1717 1342 1747 Ald.
1359 1718 1441 1756 quod
1457 1717 1594 1757 analogi-

874 1770 910 1791 ce
926 1761 1051 1801 quidem
1066 1761 1203 1800 probari,
1219 1765 1271 1790 aut
1282 1760 1356 1790 ferri
1371 1762 1478 1790 saltem
1490 1765 1594 1799 queat.

874 1805 983 1835 Poetae
999 1804 1124 1844 quidem
1139 1804 1282 1834 licuisset
1298 1805 1356 1833 hoc
1367 1814 1424 1843 pro
1437 1804 1490 1834 illo
1506 1815 1594 1835 usur-

873 1858 959 1888 pare.

915 1891 992 1921 ibid.
1017 1902 1049 1922 v.
1073 1892 1125 1922 12.
1151 1890 1286 1926 τοιαύτης
1309 1888 1333 1920 δ’
1362 1889 1592 1931 ἐμπιπτούσης]

873 1935 944 1964 Hoc
960 1934 990 1965 δὲ
1006 1940 1066 1971 est,
1079 1936 1108 1965 in
1125 1946 1157 1965 se
1173 1935 1348 1965 redundans
1360 1934 1498 1973 quidem,
1511 1934 1591 1964 indi·

874 1988 948 2008 cans
961 1983 1063 2008 tamen
1078 1979 1254 2018 ingressum
1269 1980 1320 2011 τῆς
1334 1976 1506 2012 ἀποδόσεως,
1521 1987 1593 2016 pro-

871 2022 948 2051 tasis
971 2022 1051 2052 enim
1080 2021 1189 2052 definit
1212 2021 1242 2051 111
1271 2021 1377 2051 verbis
1405 2020 1591 2061 διενεχθῆναι.

871 2065 957 2094 illinc
974 2065 1083 2103 incipit
1097 2064 1258 2104 apodosis.

914 2108 992 2138 ibid.
1024 2107 1253 2147 ἐμωιπτοὺσης]
1300 2107 1391 2136 Hane
1425 2105 1590 2136 lectionem

871 2152 982 2190 Stepba
997 2147 1188 2185 ffrevocaffi,
1208 2150 1257 2180 cui
1271 2149 1366 2179 lectio
1384 2149 1507 2179 Aldinae
1527 2149 1592 2180 ἐπι-

870 2194 998 2228 ‘nr-roten:
1030 2205 1091 2224 non
1117 2193 1218 2223 minus
1246 2198 1331 2223 certe
1362 2192 1457 2227 favet,
1499 2204 1591 2231 quam

868 2237 1031 2267 Wolfianae
1047 2237 1272 2271 ἐπιπιπτούο-ης,
1284 2236 1334 2265 cni
1348 2236 1464 2265 Graecae
1476 2236 1591 2272 lingnae

870 2291 945 2310 usus
960 2286 1121 2320 repugnat.
1160 2281 1262 2310 Graeci
1281 2291 1340 2310 uon
1358 2276 1519 2309 ἐπιπίπτει
1534 2291 1590 2308 τα.-

869 2326 944 2366 ξαχῆ
961 2325 1079 2360 dicunt,
1095 2325 1149 2353 sed
1165 2323 1332 2363 ἐμπίπτει.

913 2379 946 2408 p.
962 2371 1037 2399 205.
1056 2378 1086 2397 v.
1105 2371 1134 2397 1.
1150 2368 1172 2397 οἱ
1189 2368 1255 2408 *τῇ
1266 2369 1317 2400 τῆς
1332 2365 1507 2406 σέλεως-]
1523 2366 1590 2396 Un-

871 2411 909 2440 de
927 2412 1007 2441 unde
1030 2411 1169 2450 profecta
1191 2415 1240 2440 est
1263 2410 1369 2445 lectio,
1385 2419 1474 2447 quam
1493 2409 1589 2438 editio

871 2454 1022 2494 Stephani
1039 2456 1068 2484 h.
1086 2455 1108 2485 l.
1123 2448 1262 2490 §huben
1278 2453 1380 2482 visum
1398 2454 1454 2482 fuit
1474 2452 1504 2481 iu
1522 2462 1590 2481 mea

870 2508 992 2538 quoque
1009 2509 1075 2528 eam
1089 2498 1232 2532 reddere,
1256 2506 1322 2536 quae
1340 2497 1449 2524 bonam
1467 2500 1498 2524 et
1515 2505 1587 2524 con-

871 2542 1044 2571 venientem
1066 2545 1194 2580 praestet
1219 2540 1411 2573 sententiam,
1430 2539 1489 2567 nisi
1506 2538 1589 2577 quod

870 2584 908 2626 τῇ
920 2591 989 2615 ante
1005 2586 1057 2619 τῆς
1071 2585 1110 2614 de
1125 2594 1194 2614 meo
1210 2583 1327 2612 addidi.

912 2627 988 2658 ibid.
1006 2639 1035 2660 v.
1049 2629 1079 2658 3.
1095 2625 1288 2666 ὀνομάζοντες]
1314 2625 1389 2654 Post
1408 2623 1590 2663 ὃνο,ι.ιάζσ·ιτες

870 2671 1006 2707 videtur,
1035 2681 1094 2700 non
1122 2669 1148 2700 ἐν
1175 2669 1378 2702 solummodo,
1408 2669 1464 2697 sed
1495 2669 1588 2706 paulo

872 2714 947 2752 quid
964 2715 1054 2744 etiam
1071 2714 1143 2753 plus
1165 2714 1285 2742 deesse.
1310 2722 1336 2741 e.
1354 2721 1382 2739 c.
1402 2710 1451 2740 καὶ
1468 2711 1502 2744 ὡς
1518 2712 1589 2741 ἀλη-

871 2756 924 2791 Θῶς
938 2758 1022 2787 εὔνουν
1038 2757 1078 2797 τῇ
1091 2755 1182 2786 πόλει.

915 2801 990 2830 ibid.
1007 2811 1038 2830 v.
1054 2801 1110 2829 ult.
1126 2797 1282 2838 Φιλίππῳ]
1301 2797 1375 2827 Post
1391 2794 1525 2834 Φιλίππῳ
1542 2797 1587 2827 ui-

871 2843 913 2872 1111
929 2845 1030 2874 deest.
1063 2842 1182 2881 Ingenii
1201 2841 1369 2875 subtilitas,
1382 2840 1463 2879 quod
1482 2840 1588 2870 Mark-

871 2887 963 2916 lando
979 2887 1038 2917 fuit
1054 2884 1251 2918 acerrimum,
1265 2894 1333 2913 eum
1351 2883 1400 2913 hic
1417 2883 1551 2922 decepit.

915 2929 940 2969 §.
957 2930 1007 2960 λά..
1029 2939 1059 2967 p.
1084 2930 1159 2958 ²207.
1177 2938 1207 2957 v.
1226 2929 1255 2958 3.
1276 2925 1339 2966 τξία.
1355 2925 1504 2967 μέγιστα]
1536 2928 1588 2956 In-

872 2973 1011 3010 terposui
1028 2973 1068 3001 τὰ
1083 2972 1122 3000 de
1138 2981 1217 3000 meo,
1235 2981 1266 3000 v.
1281 2970 1307 3009 ᾧ.
1324 2967 1383 3004 λς’.

915 3016 991 3046 ibid.
1018 3027 1047 3045 v.
1072 3018 1124 3047 10.
1152 3014 1258 3055 αὶτὰς]
1292 3013 1482 3044 Servandum
1507 3013 1586 3043 arhi-
