1932 3322
496 329 604 382 ΙΟ.
646 327 940 382 IACOBI
983 326 1301 381 REISKII

882 472 927 492 AD

267 570 808 620 AESCHINIS
888 567 1538 617 ORATIONEM

556 703 823 748 CONTRA
853 703 1264 746 TlMARcle

635 832 687 884 A
701 831 757 885 N
773 829 829 884 N
845 829 894 883 O
907 828 956 881 T
969 830 1021 883 A
1031 828 1078 883 T
1092 828 1162 882 A.

817 982 990 1001 'fa

217 1083 244 1123 §.
256 1082 286 1113 ά.
301 1092 334 1122 p.
350 1085 380 1113 8.
397 1094 427 1114 v.
442 1087 582 1124 antepen.
600 1083 694 1136 λόγοι]
712 1083 757 1115 Η1
768 1093 891 1123 nempe,

173 1136 254 1165 quos
275 1126 380 1156 statim
403 1127 509 1164 refert,
529 1127 558 1156 αἱ
578 1127 646 1157 ἴδιαι
661 1126 768 1169 ἔχθραι
793 1128 891 1157 πολλὰ

174 1170 229 1198 ’τῶν
242 1180 333 1199 κοινων
347 1168 565 1211 ἐπανορθοῦνται.

217 1211 244 1250 ᾗ·
260 1210 298 1244 fi'·
322 1223 354 1251 p
377 1214 407 1243 9.
425 1223 457 1243 v.
472 1218 614 1251 antepen.
637 1212 821 1253 ὀλιγαρχιῶν]
845 1214 891 1242 Τὰ

173 1255 228 1283 τῶν
241 1252 426 1307 ὀλιγαρχιῶν
424 1256 500 1285 110110
513 1255 638 1285 videtur
649 1256 782 1285 habere:
803 1255 890 1285 Idem

174 1301 224 1327 est
237 1300 330 1337 atque
346 1299 401 1333 τὰς
415 1296 594 1339 ὀλιγαρχίας,
611 1302 644 1327 ut
661 1299 702 1328 τὰ
721 1299 776 1328 τῶν
793 1298 891 1339 τυράν-

173 1350 222 1370 νων
234 1339 318 1370 idem
334 1345 382 1371 est
397 1346 489 1381 atque
509 1342 575 1376 τοὺς
589 1341 740 1382 τυράννους.

217 1393 251 1422 p.
271 1386 322 1414 10.
346 1395 375 1414 v.
394 1388 422 1414 1.
446 1383 475 1415 δὲ
492 1384 567 1425 τοῖς]
591 1386 827 1424 Interposuerat
841 1384 892 1414 hic

175 1425 272 1456 Wolf
283 1426 427 1468 προσ-ἣκει,
442 1429 523 1467 quod
537 1428 672 1458 sustuli:
695 1438 795 1466 neque
813 1428 894 1457 enim

174 1469 215 1499 ad
231 1470 415 1508 sententiam
432 1475 480 1501 est
494 1470 716 1507 necessarium,
730 1481 830 1510 neque
847 1476 895 1501 est

174 1512 206 1542 in
218 1512 334 1543 Aldina
348 1518 401 1543 aut
415 1514 615 1554 Stephanina.

218 1555 522 1599 111111.ν.2.ἔχουσι
545 1557 625 1599 τους]
648 1557 832 1597 Interposui
854 1557 894 1587 de

174 1608 244 1628 meo
259 1598 527 1631 τό.0011511·110110
542 1601 608 1631 haec
626 1604 693 1630 est:
717 1600 800 1653 fabam*
797 1599 826 1630 δὲ
842 1607 895 1640 φυ-

175 1639 298 1694 λαξτέον
315 1641 350 1672 τὸ
371 1642 502 1683 κολάζειν
517 1655 581 1679 τους
596 1643 611 1675 ἢ
627 1642 773 1682 λεγοντας,
787 1656 802 1674 η
817 1641 896 1677 3an-

175 1683 286 1720 ωκὸτας
301 1687 389 1738 παρὰ
396 1698 462 1721 τους
475 1686 584 1727 νόμους.

219 1727 298 1758 ibid.
312 1740 343 1758 τι
356 1727 510 1770 λέγοντας]
524 1732 609 1760 Loco
621 1729 813 1770 pronominis
823 1730 895 1760 dedi

175 1769 202 1801 ἦ.
224 1770 303 1801 vobis
325 1771 379 1802 hoc
402 1772 615 1803 observandum
638 1779 729 1813 atque
751 1774 896 1802 tuendum

174 1819 228 1850 est,
251 1819 287 1844 ut
307 1815 442 1853 puniatis
460 1825 515 1851 eos,
533 1827 584 1856 quz
605 1821 660 1846 aut
682 1816 896 1845 sententiarum

176 1857 253 1887 vobis
278 1863 409 1888 auctores
432 1863 503 1887 sunt
531 1859 642 1899 legibus
666 1859 896 1895 adversantium,

175 1906 232 1930 aut
258 1901 387 1931 moribus
417 1902 476 1932 suis
505 1901 579 1943 leges
609 1906 786 1943 oppugnant
810 1907 896 1942 atque

175 1949 324 1974 evertunt.

220 1986 299 2017 ibid.
314 1997 346 2018 v
361 1989 393 2018 7.
409 1985 522 2019 ἐπειδὰν
537 1988 565 2019 δὲ
578 1987 837 2030 νομοθετησωμεν]
860 1987 896 2018 Δ’

177 2028 430 2070 ἐνομοθετήσαμεν
443 2033 538 2062 Bern.
552 2043 642 2071 quam
656 2031 821 2062 lectionem
838 2031 895 2061 mi-

178 2083 231 2103 ror
245 2073 299 2112 qui
313 2075 446 2114 probare
469 2079 500 2105 et
523 2075 737 2105 commendare
758 2074 897 2114 potuerit

178 2116 306 2156 Taylor‚
337 2123 444 2157 aperte
473 2117 640 2149 vitiosam:
679 2118 751 2148 Non
779 2117 896 2156 patitur

179 2159 298 2190 Graecae
312 2159 426 2200 linguae
442 2161 533 2198 ratio,
549 2166 583 2191 ut
603 2160 715 2192 ἐπειδᾶν
730 2171 800 2191 cum
815 2160 896 2191 indi-

178 2202 281 2234 cativo
299 2208 506 2235 construatur.

222 2245 250 2285 ᾗ.
274 2243 312 2284 γ’.
336 2257 368 2286 p.
393 2250 445 2278 11.
469 2259 499 2279 v.
522 2250 553 2279 9
575 2247 644 2288 μοι]
669 2247 811 2278 Otiosum
836 2257 895 2277 non

179 2295 239 2319 est.
265 2289 364 2320 dictio
388 2290 493 2332 νομίζω
509 2303 573 2325 τους
591 2291 688 2329 λόγους
705 2291 737 2321 ἄν
751 2302 802 2331 μοι
812 2290 895 2344 ‚ytri-

180 2331 257 2362 esan
280 2332 364 2363 idem
385 2336 454 2365 vult
475 2340 578 2374 atque,
595 2334 698 2375 νομίζω
723 2336 787 2368 τοὺς
810 2332 897 2374 ἐμοὺς

178 2375 277 2414 λόγους
301 2375 438 2414 γενέσθαι
465 2390 498 2408 αν
523 2377 897 2419 ευμαθεις,11.0.ῥαδιους

179 2429 247 2459 πςος
260 2417 295 2448 τὸ
310 2419 551 2460 καταμανθάνειν.

223 2461 301 2492 ibid.
324 2467 430 2495 v.11.
454 2465 476 2494 οἱ
503 2464 597 2517 νόμοι]
631 2465 815 2504 Suspicabnr
840 2465 896 2495 ali-

180 2506 304 2545 quando
318 2506 342 2536 oi
355 2506 452 2548 τρόποι
467 2508 489 2537 οἳ
506 2510 557 2542 τῐίς
572 2507 700 2542 «πόλεως.

223 2548 303 2579 ibid.
317 2560 349 2580 v.
366 2552 418 2580 ΞΟ.
435 2550 532 2582 πόσων
548 2548 676 2591 παίδων]
702 2551 821 2582 Durum
837 2551 896 2581 uti-

182 2601 243 2630 que
265 2590 352 2627 πόσος
366 2604 448 2630 παις,
465 2600 498 2624 et
519 2593 623 2624 nescio
639 2604 675 2624 an
691 2594 760 2624 aliis
777 2595 897 2625 Graecis

180 2633 342 2672 indictum,
369 2647 427 2675 pro
456 2637 553 2668 Ιτῑνοίτην
580 2638 651 2670 παῖς
677 2636 786 2668 ἡλικίαν
814 2637 898 2680 ἔχων.

184 2678 295 2717 Neque
310 2683 411 2711 tamen
425 2690 518 2711 ausus
535 2691 603 2711 sum
618 2680 660 2710 W
663 2680 727 2710 omi
740 2683 897 2721 conjectu-

183 2731 258 2757 ram,
282 2723 422 2760 quamvis
437 2734 455 2753 a
471 2723 640 2763 Stephane,
655 2725 756 2754 Petito
773 2730 804 2755 et
818 2726 898 2764 Tay·

182 2764 249 2793 loro
264 2765 434 2803 probatam,
449 2766 481 2796 in
499 2771 619 2797 textum
635 2767 811 2798 immittere.

226 2816 258 2846 p.
277 2809 328 2838 12.
347 2819 376 2838 ν.
390 2810 422 2838 7.
444 2805 537 2851 ουτος]
561 2811 661 2840 Recte
678 2811 766 2841 dedit
780 2811 899 2853 Taylor

181 2847 281 2887 οὕτως,
295 2851 337 2881 sic
352 2852 482 2889 tandem,
494 2853 548 2883 hac
560 2854 631 2895 lege,
644 2859 671 2884 et
689 2854 742 2885 hac
753 2866 820 2885 cum
828 2865 899 2884 cuu-

185 2893 272 2923 tione.

227 2945 259 2974 p.
273 2938 323 2966 13.
341 2948 372 2967 v.
389 2939 420 2969 3.
443 2938 581 2987 ἀδελφοῦ]
606 2940 689 2970 Dedi
706 2941 833 2981 ἀδελφός.
847 2941 898 2980 qui

184 2987 329 3010 uumerus
346 2980 468 3011 tametsi
485 2981 649 3022 singularis
674 2988 733 3020 est,
748 2985 898 3024 pluralem

183 3024 282 3052 tamen
299 3032 358 3053 una
373 3034 493 3065 quoque
517 3027 743 3066 complectitur
790 3029 815 3057 l
818 3033 899 3058 rator

924 1081 1146 1122 ludimagistri,
1166 1080 1308 1122 quisquis
1329 1085 1387 1112 est.
1433 1081 1542 1112 Possit
1563 1081 1644 1112 enim

925 1126 1004 1162 fieri,
1020 1131 1054 1155 ut
1071 1125 1224 1165 ejusmodi
1246 1125 1463 1165 ludimagistro
1484 1136 1543 1155 11011
1564 1136 1645 1155 unus

926 1168 1120 1199 solummodo
1137 1169 1177 1198 sit
1191 1169 1298 1204 frater,
1313 1168 1368 1198 sed
1384 1178 1512 1198 numero
1527 1168 1645 1208 plures.

925 1228 967 1234 —-
977 1211 1102 1251 ἀδελφῆς
1117 1211 1256 1242 Helmst.
1272 1211 1357 1242 Soita
1372 1211 1479 1247 lectio,
1492 1221 1584 1250 quam
1596 1222 1646 1242 re-

926 1254 1093 1294 cepissem,
1108 1254 1135 1284 si
1149 1254 1227 1285 mihi
1242 1254 1335 1285 citius
1350 1254 1549 1285 innotuisset.

969 1298 1046 1328 ibid.
1064 1308 1095 1328 v.
1111 1299 1142 1328 5.
1158 1296 1363 1339 συγκαθιέναι]
1389 1297 1553 1328 Revocavi
1567 1298 1647 1328 hanc

926 1346 1082 1371 vetustam
1105 1346 1136 1371 et
1160 1342 1289 1380 probam
1311 1340 1486 1378 lectionem,
1509 1341 1547 1370 ab
1563 1341 1647 1371 Aldo

926 1384 1093 1423 proditam,
1119 1385 1207 1424 cujus
1232 1385 1264 1415 in
1287 1385 1392 1415 locum
1418 1384 1648 1415 substituerunt

926 1427 1027 1463 Wolf,
1054 1428 1228 1467 Stephanus
1254 1432 1287 1457 et
1308 1428 1424 1467 Taylor
1449 1427 1606 1464 vitiosam,
1629 1438 1647 1457 a

927 1470 1046 1501 Wolfio
1062 1471 1283 1510 excogitatam,
1298 1469 1498 1510 συγκατιὲναι.
1512 1471 1595 1510 quod
1608 1481 1647 1500 ne

929 1515 1069 1544 Graecurn
1085 1514 1210 1554 quidem
1226 1513 1352 1544 videtur
1369 1524 1451 1544 esse.
1463 1512 1649 1552 συγκατιὲναι

929 1557 1030 1587 Graeci
1059 1568 1117 1588 11011
1145 1558 1263 1594 dicunt,
1291 1558 1344 1587 sed
1366 1556 1566 1596 συγκαθιέναι.
1593 1558 1648 1587 ubi

929 1600 1113 1631 subauditur
1126 1600 1234 1637 ἑαυτὸν,
1249 1602 1310 1640 ipse
1319 1610 1374 1631 sese
1386 1601 1536 1631 demittere
1550 1601 1584 1630 in
1597 1611 1649 1640 pe-

927 1644 1070 1675 riculum.
1116 1644 1215 1675 Usum
1229 1644 1312 1674 1111110
1328 1644 1416 1674 verbi
1437 1643 1580 1680 καθιέναι,
1596 1645 1650 1674 ab·

930 1687 1031 1717 solute
1061 1686 1105 1717 sic
1131 1687 1240 1726 positi,
1267 1687 1334 1717 51110
1356 1685 1466 1724 ἑαυτὸν,
1492 1688 1587 1727 quod,
1615 1692 1650 1718 ut

929 1730 1010 1766 dixi,
1025 1731 1272 1760 subaudiendum
1282 1729 1481 1770 relinquitur,
1497 1730 1649 1771 exemplis

930 1773 1013 1802 haud
1037 1773 1143 1802 dubiis
1164 1773 1409 1803 demonstratum
1435 1773 1510 1803 dedi
1535 1774 1566 1803 in
1596 1784 1650 1804 an-

930 1815 1143 1846 notationibus
1166 1815 1246 1846 meis
1273 1815 1314 1846 ad
1337 1816 1462 1847 Arriani
1490 1815 1649 1848 dissertat.

930 1859 1067 1898 Epictet.
1090 1859 1149 1892 τοῖς
1169 1856 1293 1899 ἑςμαίοις
1313 1859 1397 1890 idem
1417 1863 1465 1890 est
1484 1863 1587 1900 atque,
1611 1860 1650 1895 εἷς

929 1904 971 1932 τὰ
992 1903 1112 1944 ἑρμαῖα,
1157 1903 1236 1932 Sunt
1259 1908 1361 1933 autem
1385 1903 1533 1933 Hermaea
1553 1904 1649 1943 palae-

930 1950 1015 1976 strae.
1052 1945 1227 1976 Mercurius
1239 1946 1321 1976 enim
1335 1945 1490 1985 palaestris
1505 1950 1650 1986 praeerat.

931 1993 965 2019 ut
984 1990 1110 2029 μουσεῖα
1131 1988 1198 2019 ludi
1213 1993 1296 2025 sunt,
1309 1989 1411 2019 literis
1432 1989 1594 2020 tradendiS
1618 1995 1649 2020 et

929 2032 1154 2072 percipiendis,
1172 2036 1203 2062 et
1218 2042 1272 2063 ore
1293 2032 1474 2072 scriptoque
1494 2033 1649 2072 agitandis

931 2076 1115 2106 consecrati.

974 2118 1051 2149 ibid.
1073 2129 1104 2149 v.
1121 2120 1173 2148 16.
1196 2118 1245 2148 οὐκ
1259 2117 1309 2159 ἐᾷ’]
1331 2118 1364 2148 81
1381 2119 1458 2148 bene
1474 2119 1578 2157 habet,
1594 2129 1648 2149 110-

930 2171 1019 2191 cesse
1044 2167 1093 2192 est
1117 2162 1259 2202 quaedam
1288 2161 1340 2192 hio
1367 2161 1550 2192 desiderari.
1593 2162 1647 2192 Sin

932 2215 1022 2235 secus
1039 2205 1090 2241 sit,
1105 2215 1162 2245 pro
1179 2204 1214 2245 ἐξ
1228 2204 1332 2236 malim
1347 2203 1391 2235 ἐ’τι
1406 2204 1482 2245 legi.
1505 2216 1566 2236 ‘non
1577 2206 1648 2245 jam

930 2248 1058 2287 amplius
1074 2248 1225 2278 actionem
1241 2248 1274 2279 in
1288 2259 1357 2279 eum
1375 2248 1490 2288 ipsum,
1506 2248 1559 2288 qui
1580 2258 1648 2278 cor-

930 2302 989 2331 pus
1005 2292 1213 2331 prostituerit,
1228 2291 1461 2328 instituendam,
1478 2292 1516 2322 de
1528 2302 1587 2332 qua
1603 2292 1649 2322 le-

931 2345 986 2374 ges
1002 2334 1144 2375 superius
1154 2335 1254 2365 allatae
1268 2339 1446 2365 sanxerunt.
1470 2335 1554 2365 Illud
1567 2335 1649 2365 0111111

930 2378 1062 2409 involvit
1076 2378 1174 2409 dictio
1187 2378 1235 2408 uim
1249 2377 1305 2409 ἔτι.
1327 2379 1545 2410 Verumtamen
1561 2378 1649 2408 locus

932 2421 1003 2452 huic
1017 2426 1123 2452 nostro
1138 2421 1250 2452 similis
1265 2422 1398 2453 recurrit
1420 2434 1450 2463 p.
1473 2424 1525 2453 14.
1541 2433 1571 2451 v.
1595 2423 1648 2452 18.

932 2465 985 2495 ubi
1015 2465 1170 2497 ’πεποίηκεν
1202 2465 1271 2505 pari
1302 2475 1443 2505 prorsus,
1474 2470 1565 2504 atque
1596 2464 1649 2495 hic

933 2507 976 2549 ἐᾷ’,
994 2509 1129 2548 positum
1144 2509 1250 2545 modo,
1267 2509 1402 2547 vulgata:
1422 2508 1649 2548 patrocinatur,

932 2553 1055 2582 tametsi
1071 2553 1151 2582 male
1168 2552 1343 2582 cohaerenti.

975 2595 1002 2634 ᾗ.
1020 2594 1051 2625 δ’.
1075 2606 1106 2635 p.
1125 2598 1178 2626 14.
1202 2606 1233 2625 v.
1250 2597 1303 2626 13.
1325 2593 1544 2637 vrgoaywyezicp]
1569 2594 1649 2624 Post

933 2639 1116 2669 vocabulum
1150 2637 1359 2679 ωροαγωγεύσῃ
1389 2638 1515 2667 videtur
1540 2637 1649 2668 titulus

932 2687 1048 2712 NOMOI
1061 2683 1185 2712 deesse.
1199 2682 1273 2712 Pari
1282 2682 1374 2711 modo
1386 2681 1562 2720 Stephanus
1572 2681 1648 2711 ibid.

935 2737 964 2756 v.
983 2729 1035 2756 521.
1051 2727 1130 2756 hunc
1147 2725 1277 2755 eundern
1292 2725 1414 2755 titulum
1431 2725 1470 2754 de
1489 2735 1545 2755 suo
1561 2724 1650 2755 addi-

934 2769 990 2805 dit,
1006 2769 1057 2808 qui
1071 2768 1192 2799 Aldiuae
1205 2769 1303 2798 deest.

977 2812 1053 2842 ibid.
1072 2823 1100 2841 v.
1115 2822 1186 2852 pen.
1201 2808 1223 2850 ᾧ
1237 2812 1269 2841 ἂν
1283 2810 1332 2851 τὸ]
1349 2810 1512 2849 Utcunque
1528 2821 1576 2841 me
1590 2817 1652 2841 tor-

935 2865 1014 2894 queo
1041 2856 1254 2893 conjectando,
1276 2854 1351 2884 nihil
1376 2859 1477 2884 tamen
1503 2853 1649 2894 expedio.

936 2909 1029 2937 quare
1057 2899 1153 2929 satius
1181 2899 1304 2928 videtur
1332 2907 1414 2932 esse,
1439 2898 1541 2928 locum
1570 2898 1650 2927 male

937 2952 1054 2977 sunum,
1078 2946 1232 2980 utcunque
1255 2946 1313 2977 est,
1336 2941 1484 2971 intactum
1506 2940 1650 2980 relinqui.

980 2996 1009 3023 p.
1029 2987 1078 3015 15.
1099 2996 1126 3014 v.
1149 2987 1177 3014 8,
1195 2985 1294 3026 τοῦτο]
1320 2985 1364 3014 Ut
1380 2985 1578 3025 superfluum,
1599 2994 1651 3013 un-

936 3028 981 3057 cis
1006 3028 1127 3058 inclusi.
1174 3028 1291 3059 Sufficit
1319 3029 1400 3059 0111111
1425 3029 1510 3058 τοῦτο
1533 3028 1565 3058 111
1590 3026 1651 3057 coli
