1932 3322
744 375 817 413 EX
847 376 1016 415 LIBRO

258 490 1496 561 M.TULLIICICERONIS

855 657 906 683 DE

390 766 640 810 OPTIMO
673 767 939 811 GENERE
971 766 1354 809 ORATORUM.

143 899 231 935 CUM
259 901 356 934 esset
380 900 443 934 lex
470 900 636 944 Athenis,
658 901 730 935 NE
763 902 882 944 QUIS
918 899 1113 935 POPULI
1140 899 1342 934 SCITUM
1363 897 1608 933 FACERET

139 955 209 989 UT
245 955 522 997 QUISQUAM
560 956 777 991 CORONA
813 956 1145 991 DONARETUR
1171 955 1228 989 IN
1260 953 1606 989 MAGISTRATU

138 1010 450 1052 PRIUSQUAM
492 1011 755 1046 RATIONES
799 1011 1142 1047 RETULISSET:
1187 1013 1224 1044 et
1257 1011 1368 1044 altera
1399 1010 1474 1050 lex,
1508 1009 1604 1043 EOS

140 1065 235 1107 QUI
266 1066 300 1100 A
340 1066 548 1101 POPULO
583 1067 954 1101 DONARENTUR
991 1066 1050 1100 IN
1085 1065 1357 1100 CONCIONE
1396 1063 1604 1098 DONARI

140 1121 359 1156 DEBERE
388 1122 481 1164 QUI
512 1123 546 1157 A
573 1123 782 1157 SENATU
814 1123 870 1157 IN
901 1122 1128 1157 SENATU:
1168 1121 1437 1156 Demosthenes
1463 1125 1608 1154 curator

135 1177 248 1210 muris
264 1177 468 1211 reficiendis
489 1177 566 1217 suit,
583 1188 718 1221 eosque
739 1177 864 1212 refecit
881 1178 1039 1222 pecunia
1056 1189 1132 1211 sua.
1152 1177 1197 1210 de
1217 1176 1285 1210 hoo
1300 1177 1411 1221 igitur
1433 1176 1606 1219 Ctesipho

136 1232 268 1266 scitum
286 1232 382 1273 fecit,
399 1232 507 1265 nullis
522 1232 566 1265 ab
583 1231 665 1276 ipso
683 1233 883 1266 rationibus
901 1233 1035 1274 relatis,
1053 1235 1093 1266 ut
1110 1243 1246 1267 corona
1263 1242 1373 1265 aurea
1390 1232 1605 1266 donaretur:

135 1297 252 1332 eaque
275 1287 423 1321 donatio
440 1287 543 1321 fieret
559 1288 594 1321 in
614 1287 765 1329 theatro,
784 1289 919 1333 populo
934 1292 1149 1328 convocato,
1167 1287 1228 1332 qui
1246 1288 1347 1321 locus
1365 1297 1436 1319 non
1451 1290 1505 1320 est
1523 1297 1606 1320 con-

135 1341 253 1376 cionis
276 1342 469 1385 legitimae:
508 1345 617 1387 atque
642 1343 694 1376 ita
719 1343 995 1386 praedicaretur,
1025 1343 1143 1377 EUM
1179 1341 1392 1377 DONARI
1428 1341 1607 1375 VIRTU-

134 1397 218 1432 TIS
245 1397 387 1431 ERGO
415 1397 964 1440 BENEVOLENTIAEQUE
991 1398 1147 1440 QUAM
1178 1398 1316 1432 ERGA
1350 1396 1607 1431 POPULUM

136 1451 529 1486 ATHENIENSEM
555 1453 822 1488 HABERET.
842 1454 939 1487 hunc
953 1453 1062 1497 igitur
1080 1453 1357 1498 Ctesiphontem
1374 1454 1410 1487 in
1423 1452 1607 1497 judicium

136 1508 295 1541 adduxit
312 1507 518 1546 AEschines.
536 1509 633 1553 quod
652 1511 780 1542 contra
798 1509 895 1552 leges
912 1509 1126 1553 scripsisset,
1140 1511 1230 1542 utet
1246 1508 1447 1542 rationibus
1465 1518 1536 1541 non
1555 1518 1608 1541 re-

134 1563 219 1597 latis
242 1573 377 1597 corona
394 1564 606 1604 donaretur;
634 1566 672 1597 et
689 1565 730 1597 ut
745 1564 781 1596 in
799 1564 960 1605 theatro;
987 1568 1024 1597 et
1045 1564 1143 1609 quod
1162 1564 1207 1597 de
1224 1563 1359 1597 virtute
1382 1563 1461 1607 ejus
1486 1566 1523 1596 et
1545 1563 1608 1597 be-

135 1619 343 1652 nevolentia
358 1618 445 1652 falsa
458 1619 670 1663 scripsisset,
683 1620 856 1663 quoniam
870 1619 1137 1653 Demosthenes
1150 1629 1215 1652 nec
1228 1619 1280 1652 vir
1292 1619 1407 1652 bonus
1421 1621 1526 1659 esset,
1541 1627 1609 1651 nec

135 1673 229 1708 bene
245 1673 393 1708 meritus
411 1675 456 1708 de
469 1673 629 1708 civitate.
680 1674 800 1708 Causa
813 1675 891 1718 ipsa
909 1675 1078 1709 abhorret
1093 1675 1153 1708 illa
1164 1674 1311 1719 quidem
1326 1685 1346 1707 a
1358 1673 1507 1706 formula
1522 1683 1610 1706 con-

136 1729 338 1762 suetudinis
360 1732 503 1771 nostrae,
521 1730 584 1763 sed
603 1732 658 1763 est
676 1741 819 1773 magna.
838 1730 949 1763 habet
966 1731 1061 1763 cnim
1077 1734 1115 1764 et
1132 1730 1252 1773 legum
1271 1729 1608 1772 interpretationem

136 1784 223 1817 satis
240 1787 384 1818 acutam
403 1784 439 1817 in
457 1787 651 1829 utramque
668 1787 822 1828 partem,
846 1789 882 1819 et
900 1785 1110 1819 meritorum
1129 1785 1165 1818 in
1182 1784 1445 1828 rempublicam
1460 1786 1610 1817 conten-

135 1838 273 1873 tionem
295 1851 381 1874 sane
399 1850 556 1884 gravem.
574 1840 698 1885 itaque
720 1851 828 1874 causa
851 1841 920 1874 fuit
939 1840 1117 1881 AEschini‚
1141 1840 1312 1884 quoniam
1331 1839 1409 1883 ipse
1430 1850 1451 1873 a
1475 1839 1610 1873 Demo-

135 1895 261 1929 sthene
280 1900 374 1930 esset
391 1896 521 1940 capitis
544 1899 748 1939 accusatus,
767 1898 862 1941 quod
884 1897 1099 1940 legationem
1119 1896 1315 1930 ementitus
1328 1899 1435 1937 esset,
1454 1900 1496 1931 ut
1517 1896 1609 1930 ulci-

135 1951 263 1985 scendi
277 1951 414 1985 inimici
426 1962 548 1993 causa,
562 1952 707 1986 nomine
723 1952 984 1997 Ctesiphontis,
997 1951 1176 1994 judicium
1192 1952 1292 1985 fieret
1308 1951 1353 1985 de
1369 1951 1483 1992 sactis,
1498 1951 1610 1986 fama-

137 2017 210 2051 que
227 2007 496 2041 Demosthenis.
522 2017 594 2041 non
620 2008 716 2041 enirn
738 2010 812 2042 tam
837 2009 954 2041 multa
971 2007 1068 2040 dixit
1091 2007 1136 2041 de
1154 2007 1354 2040 rationibus
1378 2017 1451 2041 non
1474 2006 1609 2050 relatis,

137 2073 246 2107 quam
270 2063 314 2096 de
328 2074 383 2104 eo,
402 2063 500 2108 quod
519 2062 610 2096 civis
627 2063 824 2107 improbus,
841 2068 881 2097 ut
899 2064 1069 2107 optimm,
1093 2063 1262 2096 laudatus
1279 2066 1384 2096 esset.
1403 2063 1496 2096 hanc
1513 2064 1610 2097 mul-

136 2122 232 2153 ctam
252 2120 443 2154 AEschines
456 2131 477 2153 a
493 2120 729 2164 Ctesiphonte
743 2120 849 2164 petiit
862 2119 1103 2165 quadriennio
1119 2123 1202 2152 ante
1218 2119 1377 2162 Philippi
1391 2119 1609 2152 Macedonis

136 2178 310 2210 mortem:
348 2176 412 2209 sed
433 2174 616 2218 judicium
641 2176 778 2208 factum
805 2178 861 2208 est
886 2175 1025 2219 aliquot
1050 2174 1153 2207 annis
1180 2177 1272 2218 post,
1298 2174 1510 2207 Alexandro
1529 2173 1608 2216 jam

136 2230 262 2264 Asiam
278 2233 439 2264 tenente.
458 2231 503 2264 ad
522 2230 811 2274 quodjudicium
832 2241 1032 2264 concursus
1049 2229 1182 2262 dicitur
1199 2240 1218 2261 e
1240 2233 1316 2262 tota
1333 2230 1475 2263 Graecia
1492 2229 1610 2262 sactus

138 2296 229 2319 esse.
244 2286 330 2330 quid
350 2286 443 2319 enim
459 2289 522 2319 aut
538 2289 610 2319 tam
625 2286 831 2326 visendum,
844 2289 907 2319 aut
925 2286 1147 2318 audiendum
1166 2284 1363 2329 fuit‚quam
1380 2295 1607 2318 summorum

137 2344 321 2376 oratorum
338 2343 375 2376 in
388 2342 602 2386 gravissima
615 2352 736 2385 causa,
749 2345 919 2376 accurata
933 2345 969 2375 et
986 2341 1185 2375 inimicitiis
1198 2341 1348 2374 incensa
1362 2341 1546 2375 contentio
1560 2342 1572 2375 ἲ

185 2441 311 2481 Taylori
348 2440 565 2471 Praefationem
601 2440 638 2469 ad
676 2439 860 2473 ἀντιπάλους
892 2440 973 2479 quod
992 2451 1061 2469 cum
1079 2438 1145 2469 istis
1161 2438 1262 2468 verbis
1280 2439 1329 2467 vel
1347 2437 1499 2467 minimam
1519 2438 1609 2468 habet

140 2484 234 2514 hasce
259 2484 425 2514 Orationes
449 2484 606 2514 AEschinis
624 2483 859 2513 Demosthenis·
893 2483 1138 2512 similitudinem.
1164 2483 1274 2511 Suidas
1289 2482 1378 2511 etiam
1395 2487 1424 2510 et
1439 2482 1515 2510 hunc
1532 2491 1607 2519 quo-

141 2538 200 2567 que
225 2528 295 2557 vide
315 2529 351 2558 ad
378 2528 443 2558 init.
463 2528 622 2557 Demosth.
646 2528 700 2556 Or.
718 2537 752 2556 ‘rr-
769 2533 857 2565 Στεφ.
894 2537 953 2565 que
981 2527 1144 2556 articulum
1172 2526 1318 2559 exliibet3
1349 2524 1501 2564 Φιλουργός.
1530 2522 1608 2558 οὗτος

142 2572 170 2601 Α
182 2571 402 2601 vetustioribus
412 2577 511 2600 autem
522 2570 765 2610 Lexieographis
776 2580 858 2608 quae-
892 2570 1004 2605 diferret,-
1019 2570 1053 2600 ὢν
1069 2569 1201 2609 ἐψωξάὲη
1219 2567 1376 2602 ἒνἈΘήναις
1392 2570 1429 2596 τὰ
1447 2569 1502 2605 ἶεξά
1519 2569 1608 2599 συλή-

142 2615 210 2644 dam
223 2625 261 2644 ex
276 2616 421 2644 Oratione
434 2615 588 2645 AEschinis
602 2614 747 2649 citantur,
762 2617 857 2652 “quae
891 2625 957 2647 σας,
974 2614 1021 2643 καὶ
1037 2612 1070 2642 τὸ
1088 2613 1231 2653 Γοργόνειον
1247 2612 1422 2650 ὺφελάμειος,
1439 2611 1474 2645 ὡς
1487 2609 1609 2651 ’lo-oxyd-

141 2657 250 2698 (verba
266 2659 391 2698 Taylori
410 2659 494 2697 sunt)
508 2658 600 2687 hodie
624 2658 653 2687 in
676 2668 712 2688 ea
733 2656 857 2686 minime
892 2669 943 2690 της
961 2656 1048 2694 λέγει.
1072 2657 1220 2696 μέμνηται
1245 2655 1344 2684 τούτου
1368 2652 1502 2695 Αἰσχίνης
1522 2653 1548 2683 ἐν
1565 2654 1610 2693 τῷ

141 2701 295 2741 leguntur.
341 2702 456 2736 veluti,
474 2712 542 2731 cum
558 2701 647 2731 talem
672 2701 804 2740 glossam
827 2700 858 2730 in
891 2703 971 2731 κατὰ
994 2703 1202 2738 Κτησιφῶντος.
1236 2698 1339 2728 Hodie
1370 2708 1428 2726 nun
1461 2698 1608 2728 occurrit.

143 2743 387 2783 Harpocratione
403 2745 604 2784 reperiamus,
620 2743 857 2784 schapaHnd-
892 2745 976 2774 Novi
1007 2750 1105 2773 tamen
1132 2743 1204 2781 quid
1232 2743 1271 2771 de
1299 2751 1335 2770 ea
1360 2751 1392 2769 re
1414 2742 1607 2771 statuendum

142 2798 186 2821 το,
203 2787 325 2818 ‹iv-riveti
338 2787 588 2830 Παραπέμψαιτο.
628 2786 763 2829 Αἰσχίνης
778 2789 857 2817 κατὰ,
894 2788 951 2817 sit:
976 2792 1007 2817 et
1034 2788 1196 2816 hectorem
1223 2783 1403 2815 benevolum
1428 2795 1486 2813 nnn
1511 2784 1607 2824 poeui-

143 2833 350 2870 Κτησιφῶντος.
404 2833 496 2870 Quod
530 2832 698 2871 exscripsit
732 2830 856 2860 Suidas.
892 2831 968 2861 tebit.
992 2830 1168 2863 consulere,
1198 2840 1265 2867 quae
1290 2832 1400 2858 annoto
1429 2827 1468 2857 ad
1495 2827 1521 2867 §.
1543 2826 1606 2867 (ιδ’.

144 2873 228 2903 Nihil
245 2879 344 2905 tamen
360 2876 482 2915 reperio
495 2886 550 2915 per
563 2880 656 2906 totam
671 2875 857 2910 Orationem,
891 2875 1017 2913 hujusce
1034 2871 1223 2904 Orationis.·'
