1916 3340
277 198 387 248 328

319 301 397 332 ibid.
415 311 444 331 v.
462 301 518 330 ult.
534 298 598 340 ἕνα]
624 300 702 330 Post
728 299 774 330 ἕνα
791 301 916 331 videtur
940 299 996 340 μὲν

276 346 400 376 deesse.
423 344 527 375 Verba
549 345 598 375 τὴν
614 343 713 385 πρᾶξιν
728 344 887 385 ποιούμενος
903 344 994 373 facile

274 389 375 428 patiar
389 389 511 424 abesse,
527 398 595 426 quae
618 388 644 418 si
661 387 819 423 tollantur,
835 397 904 417 cum
926 397 994 416 sen-

274 431 380 462 tentiae
404 441 475 461 cum
502 431 579 460 nihil
605 432 747 465 decedet,
775 436 839 459 tum
867 430 994 459 accedat

276 476 370 504 etiam
393 475 432 504 ad
457 473 652 514 elegantiam.
693 474 755 503 Sed
782 484 839 502 usu
861 474 993 512 cognovi

275 518 455 548 AEschinem
478 518 592 553 verbis,
610 518 662 547 ubi
685 517 727 546 nil
755 526 833 554 opus
859 522 935 551 erat,
961 520 993 546 et

274 561 448 591 dedecebat
476 561 564 596 adeo,
597 560 831 596 redundantem,
855 564 886 588 et
916 559 991 589 alias

273 615 380 634 rursus
392 606 478 644 justo
493 604 676 634 breviorem.

316 658 349 687 p.
371 650 425 678 30.
448 659 479 678 v.
504 651 534 679 2.
557 646 742 687 ὑπερβαίνων]
770 644 990 686 Ὕπερβαίνοντα

272 690 381 721 Mead.
409 693 488 730 Reg.
516 694 546 721 1.
565 701 634 729 quae
660 690 686 719 si
711 690 859 728 probetur
886 689 989 725 lectio,

273 734 472 774 significabit,
501 735 666 764 vincentem
687 732 830 772 foeditate
852 732 989 773 flagitio-

274 788 356 808 rum.
386 778 450 808 Sed
469 781 534 806 tum
556 777 652 806 verba
674 773 744 805 ἀλλ’
759 774 886 814 ἐπιδείξω
911 786 939 805 v.
957 778 989 806 3.

272 825 361 851 erunt
376 820 520 856 delenda,
536 825 589 850 aut
610 820 672 859 leg.
688 819 787 848 ταῦτα
811 818 834 847 δ’
849 818 988 858 ἐπιδείξω,

272 868 304 894 et
320 865 385 894 haec
401 864 474 893 mihi
491 863 568 893 ratio
584 862 734 902 imprimis
750 862 864 901 placet,
879 867 913 891 ut
924 863 988 893 hoec

272 906 314 936 sit
329 906 495 937 sententia:
520 907 601 946 quod
619 907 646 936 si
660 910 761 935 autem
777 906 929 944 exemplis
945 908 988 936 af-

269 949 419 987 ferendis,
429 950 540 989 quibus
555 960 655 980 rerum
673 953 825 988 gestarum
842 950 988 980 memoria

268 1003 365 1032 penes
389 1004 447 1024 vos
468 997 647 1029 renovetur,
668 993 910 1023 demonstratum
934 994 987 1023 de-

267 1037 356 1072 dero,
371 1036 565 1066 Timarchum
580 1036 777 1076 impudicitia
800 1036 892 1075 longo
915 1042 988 1075 post

266 1089 301 1109 se
314 1080 477 1110 intervallo
494 1079 658 1119 reliquisse
675 1079 746 1109 illos
765 1079 812 1109 sic
827 1079 931 1109 dictos
943 1081 986 1109 fe-

267 1131 320 1153 ros
345 1123 505 1160 homines3
531 1124 590 1153 hoc
617 1128 718 1152 autem
744 1123 986 1153 demonstratum

267 1165 348 1196 dabo
379 1167 465 1197 solos
490 1166 560 1197 illos
587 1165 763 1196 nominatim
791 1165 986 1205 appellando,

267 1220 398 1249 quorum
409 1210 493 1240 domi
509 1214 569 1240 etc.

309 1253 386 1283 ibid.
408 1265 436 1284 v.
456 1256 486 1284 3.
503 1251 599 1292 ἄλλα]
624 1252 687 1282 Ηὶο
710 1252 772 1282 loci
798 1251 880 1282 idem
903 1253 986 1283 valet

265 1301 359 1336 atque
378 1297 474 1327 Tullii
487 1297 549 1333 sed,
565 1306 636 1326 cum
651 1296 834 1326 vocabulum
861 1296 942 1326 idem
968 1307 984 1325 e

266 1340 477 1380 superioribus
490 1340 583 1379 longa
599 1340 792 1379 digressione
808 1339 985 1378 interpella-

265 1382 308 1413 tis
334 1384 459 1422 repetit,
480 1394 540 1422 quo
562 1383 697 1413 lectores
722 1383 762 1412 ad
786 1382 870 1411 filum
896 1384 985 1422 quasi

267 1426 415 1456 orationis
430 1432 568 1462 revocet,
584 1431 619 1456 ut
638 1426 689 1455 hic
704 1425 766 1455 loci
781 1423 910 1464 ἐπιδείξω
927 1427 985 1456 ite-

266 1474 363 1500 ratur.
401 1470 487 1505 and
513 1471 537 1500 si
558 1470 668 1510 igitar,
683 1469 715 1499 z'd
736 1469 812 1509 quod
837 1468 916 1505 dico,
935 1470 986 1499 de—

265 1519 461 1543 monstravero
475 1512 537 1555 (veL
557 1511 742 1554 indicavero)
759 1512 932 1542 nominatim
948 1514 985 1543 it-

267 1556 309 1586 los
324 1556 368 1586 vel
383 1557 465 1587 solos.

309 1599 385 1630 ibid.
403 1611 434 1631 v.
456 1602 487 1631 8.
509 1600 590 1630 ἀλλὰ
611 1598 675 1640 μὲι]
701 1600 801 1629 Recte
825 1600 984 1630 revocavit

263 1642 380 1682 Taylor
403 1643 452 1673 καὶ
479 1643 696 1674 intermedium
717 1643 750 1673 id
770 1643 981 1682 interponens.

265 1687 470 1717 Parenthesin
486 1697 503 1716 a
517 1697 594 1716 voce
608 1688 657 1726 μὰ
673 1697 804 1717 exorsus
820 1696 897 1722 sum,
914 1698 982 1726 quae

265 1729 298 1759 in
314 1730 465 1769 Stephani
481 1729 617 1760 editione
632 1731 670 1759 ab
685 1730 735 1760 οὐκ
750 1730 871 1769 incipit.

308 1784 341 1812 p.
365 1776 418 1804 31.
445 1785 474 1803 v.
498 1776 527 1803 1.
551 1771 668 1814 κυβείῳ]
693 1773 793 1812 Κύκλῳ
819 1774 925 1804 Mead.
949 1778 983 1803 ut

266 1816 445 1846 Latinorum
460 1817 591 1847 circulus
606 1827 663 1856 pro
679 1816 896 1861 conciliabulo,
910 1827 982 1845 con-

266 1864 357 1889 ventu
379 1860 545 1889 hominum.
564 1860 677 1889 Totum
700 1859 780 1889 illud
803 1861 833 1889 οὑ
857 1861 871 1887 ἡ
895 1857 982 1887 τηλία

261 1903 303 1933 ad
318 1902 479 1936 κυβεύουσιν
494 1901 651 1931 Scholium
667 1911 747 1936 esse,
764 1906 795 1929 et
810 1911 827 1929 e
843 1899 981 1939 margine

263 1946 296 1975 in
312 1950 432 1976 textum
448 1944 614 1985 irrepsisse
630 1942 806 1983 suspicatur
821 1943 935 1982 Taylor
949 1943 980 1973 in

262 1989 398 2019 schedis.

306 2032 385 2062 ibid.
410 2032 424 2062 ἡ
450 2029 554 2072 τηλία]
582 2031 640 2060 Est
665 2030 756 2065 talea,
787 2031 836 2060 vel
864 2029 980 2065 tabula,

260 2076 368 2105 areola
387 2075 501 2114 lignea,
515 2074 546 2103 in
571 2084 660 2112 quam
682 2073 833 2103 decidunt
847 2073 902 2102 tali
924 2083 981 2112 per

262 2118 404 2149 fritillum
420 2117 545 2158 dejecti.
559 2127 631 2157 pars
647 2117 723 2147 aleae
744 2127 801 2156 pro
821 2121 887 2146 tota
902 2117 979 2147 alea.

259 2162 447 2201 eujusmodi
462 2162 559 2191 ferme
575 2164 623 2190 est
637 2165 776 2190 nostrum
795 2159 936 2190 Billiard.

305 2205 331 2244 ᾗ.
349 2204 397 2244 ιγ’.
420 2215 452 2244 p.
469 2207 523 2235 31.
539 2215 569 2235 v.
588 2206 640 2235 23.
657 2202 877 2243 συμπλεύσας]
901 2203 980 2233 Sub-

260 2249 336 2279 audi
351 2247 394 2288 τῷ
412 2248 481 2279 τότε
505 2246 696 2278 ἐκπλεύσαντι
723 2246 761 2280 εἷς
774 2245 980 2276 Ἑλλήσποντον

259 2290 369 2331 στόλῳ.

305 2335 383 2365 ibid.
398 2344 429 2364 v.
445 2336 498 2364 27.
513 2333 618 2374 α’ίτιος]
644 2332 738 2367 Αῗτιος
754 2332 839 2366 διδοὺς
851 2334 893 2362 τὰ,
907 2338 978 2363 πολ-

259 2380 300 2409 λὰ
316 2376 464 2419 ἔκέςδαινεν
478 2377 526 2408 καὶ
542 2375 705 2418 ἐχλεύαζεν.
719 2375 828 2414 ἐγένετο
844 2372 923 2410 οὗτος
934 2375 978 2406 τί-

258 2433 386 2463 μαρχος.
408 2421 506 2451 Lock.
528 2431 595 2460 quae
613 2420 685 2459 quid
703 2419 762 2449 sibi
782 2419 881 2449 velint
897 2420 978 2449 haud

258 2465 413 2504 intelligo,
430 2463 572 2503 suspicor
597 2467 698 2493 tamen
721 2462 873 2492 scholium
897 2473 977 2499 esse,

259 2508 304 2538 sic
319 2508 486 2548 legendum
502 2507 599 2540 Διδοῦς
612 2507 654 2536 τὰ
674 2508 777 2547 μικςα,
791 2507 889 2536 πολλὰ,
905 2505 979 2546 {utg-

258 2551 342 2588 δαινε,
357 2551 406 2581 καὶ
427 2549 590 2592 ἐχλεύαζεν.
615 2549 730 2579 Parum
758 2549 833 2578 dans
855 2548 978 2588 [Hege-

260 2596 385 2631 sander,
403 2594 430 2625 si
453 2595 492 2623 ad
513 2594 594 2623 hunc
617 2592 710 2628 redit,
733 2602 903 2631 quanquam
927 2603 978 2622 ne-

259 2638 335 2675 scio,
352 2648 390 2667 an
407 2637 446 2667 ad
467 2636 558 2667 alium
577 2636 680 2676 potius
697 2635 832 2675 spectet]
849 2636 977 2665 multum

257 2681 434 2711 lucrabatur
458 2686 486 2711 et
512 2680 656 2710 irridebat
678 2678 849 2720 [Timarchi
877 2678 977 2708 stulti-

257 2724 343 2760 tiam,
359 2724 441 2754 haud
457 2723 617 2753 sentientis
632 2721 861 2763 imposturam]-

301 2778 333 2807 p.
347 2769 401 2798 32.
417 2778 446 2797 v.
465 2769 497 2796 4.
511 2764 616 2806 κακία]
639 2767 740 2796 Vetus
757 2766 823 2795 haec
844 2769 892 2794 est
907 2764 975 2794 vul-

258 2815 401 2849 gatorum
430 2810 579 2840 librorum
605 2809 711 2845 lectio,
737 2819 805 2848 quae
829 2808 975 2847 quodam-

256 2853 349 2883 modo
372 2853 487 2893 exponi
504 2863 537 2883 se
558 2853 700 2892 patiatur.
723 2861 831 2892 pavor,
856 2850 974 2881 timidi-

257 2900 317 2932 tas,
327 2895 462 2935 ignavia,
474 2896 623 2926 mollities
638 2896 732 2926 animi
746 2895 893 2925 resistere
906 2894 973 2924 ille-

255 2939 360 2969 cebris
377 2940 568 2979 voluptatum
583 2944 615 2969 et
628 2939 788 2968 fraudibus
802 2942 892 2977 atque
907 2938 973 2968 vio-

256 2981 361 3012 lentiae
377 2987 591 3022 corruptorum
608 2992 792 3022 responsare
816 2981 896 3011 haud
919 2992 973 3011 va-

256 3025 361 3056 lentis.
393 3026 494 3057 Malui
517 3030 618 3056 tamen
641 3037 658 3057 e
674 3026 783 3057 codice
808 3023 973 3056 Meadiano

722 208 952 251 REISKII
988 207 1316 251 ANNOTATA

1029 299 1137 329 ἀκακία
1152 302 1309 338 praeferre,
1319 301 1501 341 simplicitas
1516 314 1647 342 morum,
1659 307 1742 346 quod

1028 343 1097 382 ipsa
1110 343 1169 373 sibi
1186 344 1304 375 fraudis
1321 345 1433 376 nullius
1451 352 1500 377 est
1514 349 1646 385 conscia,
1661 351 1742 380 frau-

1028 387 1084 415 des
1108 386 1221 417 alienas
1242 398 1280 418 ne
1305 389 1465 428 suspicans
1480 391 1616 429 quidem,
1630 393 1743 422 nedum

1030 434 1063 458 ut
1077 429 1266 467 reformidet,
1280 436 1333 461 aut
1347 432 1476 468 devitet,
1492 435 1547 464 sed
1571 435 1609 464 ad
1632 445 1742 474 paren-

1028 472 1101 502 dum
1126 475 1228 503 statim
1252 480 1368 513 parata,
1385 480 1416 505 et
1438 476 1530 507 obvio
1554 478 1667 517 cuique
1688 489 1741 508 au-

1027 516 1105 545 ctori
1119 522 1236 555 patens,
1250 523 1281 547 et
1295 517 1324 547 in
1339 523 1522 558 potestatem
1537 531 1605 550 sese
1616 522 1743 551 dedens.

1069 558 1145 588 ibid.
1178 558 1331 602 εὐπιστία]
1371 562 1476 592 Malim
1506 561 1657 594 εὐπειστία
1686 571 1744 603 p'er

1026 601 1262 642 diphthongum.
1287 604 1418 635 facilitas
1443 605 1573 637 cedendi
1596 607 1742 647 precibus

1026 649 1058 674 et
1072 646 1240 683 blanditiis,
1255 648 1494 687 obsequiositas.

1067 688 1142 719 ibid.
1165 701 1194 720 v.
1211 693 1241 721 9.
1262 689 1306 720 δ’τι
1329 691 1357 721 δέ
1381 692 1482 727 αὐτοὺς
1501 692 1637 734 ἦνώχλει]
1663 694 1742 724 Sub-

1025 731 1108 768 audi,
1136 733 1163 761 si
1191 733 1280 763 locus
1317 735 1396 765 bene
1425 736 1526 772 habet,
1549 746 1649 775 neque
1680 742 1740 773 est,

1023 776 1106 813 quod
1123 776 1327 815 desideretur,
1344 777 1374 807 τί
1388 777 1482 809 ἐποίει.
1514 779 1589 809 Fuit
1605 790 1673 810 cum
1692 791 1742 810 su-

1024 818 1162 857 spicarer
1184 818 1231 849 ἶίτε
1251 820 1313 860 leg.
1335 832 1415 858 esse,
1430 826 1461 851 et
1476 822 1570 853 verba
1582 821 1741 860 σκέψασθε

1023 878 1066 883 —-
1077 862 1232 904 Τιμάςχου
1243 874 1299 902 per
1310 866 1510 904 parenthesin
1524 865 1698 904 interjecta,
1710 872 1742 896 et

1023 906 1077 945 γὰρ
1092 916 1178 935 more
1193 906 1298 937 Attico
1313 908 1470 947 eleganter
1485 909 1668 940 redundare.
1692 912 1741 939 De

1023 958 1096 986 quo,
1114 953 1148 978 ut
1171 951 1301 989 quisque
1327 952 1422 987 volet,
1444 951 1488 981 ita
1514 956 1638 983 statuet.
1662 954 1742 992 Tay-

1021 991 1089 1021 loro
1105 1003 1239 1032 quoque,
1256 998 1290 1023 ut
1301 995 1363 1032 jam
1377 995 1482 1030 video,
1499 993 1544 1025 δ’τε
1559 995 1591 1024 in
1606 1000 1740 1026 mentem

1023 1041 1160 1066 venerat.
1191 1038 1254 1067 Sed
1277 1037 1368 1068 video
1393 1047 1486 1074 nunc,
1510 1038 1587 1068 nihil
1601 1039 1632 1068 h.
1648 1039 1671 1068 1.
1687 1049 1748 1069 ne-.

1022 1088 1082 1116 que
1106 1079 1230 1115 deesse,
1249 1091 1349 1119 neque
1370 1081 1481 1111 mutari
1503 1082 1630 1112 debere.
1668 1083 1739 1112 Mo-

1021 1131 1086 1151 rem
1103 1121 1185 1152 euim
1201 1123 1358 1154 AEschinis
1375 1134 1455 1160 esse,
1471 1135 1488 1154 e
1511 1135 1542 1164 p.
1561 1127 1615 1156 33.
1639 1135 1670 1155 v.
1690 1128 1740 1156 17.

1019 1164 1173 1205 intelligo,
1190 1172 1223 1197 ut
1238 1165 1282 1196 ἔτι
1299 1166 1327 1197 δὲ
1343 1172 1484 1207 usurpet,
1500 1178 1568 1207 pro,
1592 1169 1670 1209 quod
1684 1180 1741 1199 au.-

1021 1213 1078 1237 tem
1093 1210 1200 1239 attinet
1216 1210 1256 1239 ad
1271 1228 1314 1232 -
1330 1211 1398 1240 Erit
1420 1221 1494 1250 ergo
1509 1211 1661 1241 sententia
1685 1213 1741 1242 hu-

1017 1253 1070 1290 jus
1096 1252 1169 1282 loci.
1203 1252 1370 1283 Vexationes
1394 1259 1493 1284 autem
1517 1255 1593 1295 quod
1619 1256 1742 1292 attinet,

1019 1294 1122 1333 quibus
1135 1294 1306 1327 Pittalacus
1324 1296 1514 1327 Timarchum
1536 1303 1565 1328 et
1587 1297 1739 1339 Hegesan-

1019 1338 1108 1367 drum
1123 1340 1304 1380 exagitabat.

1062 1380 1141 1412 ibid.
1155 1392 1186 1412 v.
1201 1384 1254 1414 15.
1271 1382 1464 1425 διασείστους]
1489 1384 1660 1425 Agitabz'les.
1685 1385 1740 1415 Vi-

1019 1423 1132 1454 dentur
1148 1425 1203 1454 tali
1225 1425 1297 1455 ideo
1321 1427 1365 1456 sic
1387 1424 1546 1466 appellati,
1562 1428 1634 1466 quia
1649 1439 1739 1458 manu

1019 1467 1215 1504 agitabantur
1238 1475 1270 1499 et
1292 1470 1518 1508 quatiebantur,
1535 1471 1607 1500 dum
1629 1471 1661 1501 in
1685 1472 1740 1501 fri-

1019 1510 1121 1540 tillum
1136 1510 1382 1550 infunderentur,
1397 1524 1454 1553 per
1468 1523 1559 1553 quem
1579 1515 1610 1543 in
1626 1516 1674 1546 τήν
1689 1526 1739 1545 τη-

1019 1552 1092 1591 λίαν,
1107 1555 1218 1585 taleam
1235 1557 1405 1595 subjectam
1422 1557 1613 1589 deciderent.

1060 1597 1137 1628 ibid.
1153 1609 1185 1630 v.
1201 1599 1256 1630 ult.
1277 1598 1486 1642 ἐξανθρώπους]
1511 1601 1581 1631 Non
1606 1601 1739 1631 debebat

1018 1646 1109 1671 vetus
1132 1642 1211 1673 bona
1234 1642 1328 1674 lectio
1346 1644 1467 1674 Aldinae
1488 1642 1521 1683 ἐξ
1542 1643 1706 1685 ἀνθρώπων,
1721 1655 1740 1674 a

1018 1684 1174 1724 Stephano
1199 1696 1321 1726 quoque
1350 1692 1474 1717 servata
1499 1691 1530 1716 et
1556 1691 1739 1726 propagata,

1018 1738 1086 1757 cum
1102 1728 1258 1760 Wolfiano
1283 1734 1456 1760 commento
1481 1729 1659 1769 permutari.
1683 1732 1740 1766 τὰς

1017 1769 1048 1809 ἐξ
1077 1772 1230 1813 ἀνθρώπων
1259 1775 1377 1811 πληγὰς
1407 1772 1563 1811 significat
1594 1774 1738 1810 verbera,

1017 1821 1129 1852 quanta
1143 1815 1279 1843 maxima
1293 1820 1325 1845 et
1340 1814 1513 1844 saevissima
1527 1816 1565 1845 ab
1581 1816 1738 1847 hominum

1016 1865 1168 1894 quoquam
1184 1857 1277 1886 alicui
1298 1858 1396 1896 infligi
1422 1862 1563 1897 possunt,
1582 1864 1636 1889 aut
1651 1870 1668 1889 a
1684 1870 1739 1890 va-

1015 1898 1140 1936 pulante
1157 1899 1293 1930 tolerari.
1324 1900 1501 1930 Dictionem
1516 1902 1593 1931 hanc
1610 1904 1735 1942 egregie

1016 1940 1187 1972 vindicavit
1208 1943 1362 1974 Abresch.
1378 1944 1417 1973 V.
1436 1945 1472 1974 C.
1493 1944 1533 1974 ad
1547 1944 1736 1985 AEschylum

1016 1994 1087 2023 pag.
1115 1988 1190 2016 140.
1216 1991 1247 2016 et
1275 1988 1349 2017 651.
1372 1987 1557 2017 creberrime
1582 1998 1650 2018 earn
1674 1990 1734 2019 fre-

1015 2028 1177 2066 quentavit
1206 2029 1375 2069 Dionysius
1411 2030 1572 2060 Halicarn.
1605 2032 1733 2071 Antiqu.

1016 2071 1109 2101 Rom.
1126 2083 1155 2102 v.
1173 2083 1201 2103 c.
1215 2083 1286 2113 pag.
1305 2075 1382 2112 233,
1399 2073 1455 2103 ult.
1479 2075 1556 2110 361,
1578 2075 1632 2105 33.
1655 2077 1733 2113 362,

1015 2116 1046 2144 2.
1062 2116 1138 2150 562,
1155 2118 1186 2147 2.
1204 2121 1235 2146 et
1251 2116 1334 2147 alibi.

1058 2168 1091 2197 p.
1108 2160 1161 2189 33.
1182 2169 1213 2190 v.
1234 2162 1265 2190 4.
1291 2158 1340 2190 ἐπὶ
1363 2159 1410 2191 τὸν
1433 2160 1531 2200 βωμὸν
1553 2162 1606 2196 τῆς
1625 2160 1735 2202 μητξός

1013 2203 1069 2232 τῶν
1083 2201 1172 2243 θεῶν]
1196 2202 1336 2242 Populus
1347 2203 1548 2234 Atheniensis
1561 2210 1628 2235 erat
1644 2206 1733 2245 quasi

1014 2255 1074 2274 una
1090 2246 1216 2282 familia,
1234 2257 1303 2286 quae
1324 2257 1358 2277 se
1373 2247 1403 2276 in
1420 2247 1548 2277 tutelam
1562 2253 1594 2278 et
1611 2258 1732 2278 manum

1014 2289 1102 2327 quasi
1117 2289 1245 2319 deorum
1261 2290 1414 2320 dedisset.
1436 2291 1533 2329 Cujus
1545 2290 1731 2321 materfami-

1013 2331 1073 2361 lias
1088 2338 1154 2362 erat
1169 2334 1272 2363 Mater
1288 2334 1436 2363 Deorum.
1475 2333 1651 2364 Pittalacus
1667 2339 1732 2365 erat

1014 2385 1123 2405 servus
1153 2376 1308 2415 publicus.
1354 2377 1603 2407 Consentaneum
1635 2378 1732 2417 igitur

1013 2423 1090 2454 erat,
1105 2423 1141 2448 ut
1164 2430 1273 2450 servus
1297 2420 1440 2458 injuriam
1464 2429 1577 2459 passus
1600 2421 1640 2450 ad
1667 2431 1730 2451 rna-

1013 2461 1224 2492 tremfamilias
1253 2467 1413 2502 receptum
1436 2463 1574 2493 haberet.
1612 2464 1730 2494 Sexum

1013 2505 1195 2536 muliebrem
1213 2506 1251 2536 ad
1268 2505 1545 2536 commiserandum
1560 2505 1730 2537 faciliorem

1013 2559 1082 2578 esse
1098 2554 1204 2579 nostro
1221 2549 1364 2580 novimus
1380 2559 1497 2579 omnes.

1055 2591 1134 2622 ibid.
1153 2603 1182 2622 v.
1201 2594 1252 2623 19.
1275 2591 1449 2632 ἠδικημένον]
1475 2592 1553 2621 Post
1575 2592 1634 2622 hoc
1657 2603 1729 2624 voc.

1012 2635 1137 2665 videtur
1152 2634 1211 2665 ὑπ’
1224 2635 1311 2665 αὐτοῦ
1326 2635 1509 2665 desiderari.

1054 2689 1088 2717 p.
1103 2680 1156 2709 34.
1171 2689 1202 2709 v.
1228 2680 1258 2709 2.
1280 2679 1381 2720 παρῆν]
1408 2678 1491 2707 Dedi
1513 2678 1554 2708 de
1577 2689 1646 2708 meo
1669 2690 1728 2710 πα-

1010 2720 1076 2762 ςῇει,
1093 2722 1244 2751 accedebat
1266 2722 1306 2751 ad
1329 2727 1513 2762 suggestum,
1529 2722 1560 2751 h.
1575 2733 1603 2752 e.
1627 2721 1666 2751 ad
1682 2723 1729 2752 di-

1010 2765 1140 2794 cendum
1170 2764 1295 2804 publice
1317 2770 1349 2795 et
1378 2765 1530 2804 agendum
1558 2775 1628 2795 cum
1656 2776 1729 2795 con-

1009 2806 1109 2844 cione,
1120 2817 1174 2836 seu
1190 2808 1358 2846 gerendum
1368 2818 1467 2847 remp.
1482 2813 1514 2838 et
1528 2808 1659 2838 consilia
1673 2819 1728 2838 no-

1009 2850 1056 2880 bis
1082 2850 1216 2880 dandum
1235 2851 1274 2882 de
1297 2852 1389 2881 rebus
1410 2853 1449 2881 ad
1475 2861 1623 2881 summam
1645 2852 1725 2890 reip.

1007 2893 1241 2932 pertinentibus.
1278 2894 1416 2924 Verbum
1432 2895 1462 2924 in
1480 2894 1537 2924 hac
1551 2904 1585 2929 re
1598 2895 1723 2924 solenne

1007 2940 1038 2966 et
1053 2937 1211 2976 proprium
1226 2936 1365 2977 παριέναι,
1388 2938 1427 2967 de
1443 2936 1660 2968 accedentibus
1684 2938 1724 2967 ad

1007 2991 1105 3019 remp.
1129 2984 1161 3010 et
1183 2980 1330 3017 honores,
1353 2986 1406 3010 aut
1428 2980 1722 3012 administrationem

1007 3034 1108 3054 rerum
1123 3023 1263 3055 civilium
1276 3024 1524 3065 capessentibus,
