1916 3340
663 375 770 431 ΙΟ.
813 374 1107 431 IACOBI
1149 374 1469 431 REISKII

1036 527 1084 548 AD

499 624 998 675 AESCHINIS
1061 625 1615 675 EPISTOLAS

769 765 1342 822 ANNOTATA.

968 918 1143 938 R:

358 1026 581 1063 Universe,-his
590 1026 733 1066 epistolis
746 1037 854 1067 parum
865 1027 1038 1068 diligentiae

316 1072 451 1107 adhibui,
474 1071 700 1101 annotationum
725 1072 802 1101 nihil
824 1072 944 1109 addidi,
968 1082 1037 1111 quae

316 1115 374 1144 sint
393 1115 545 1149 ontifictae,
561 1114 623 1144 isto
641 1114 765 1146 nomine
781 1115 926 1155 indignae.
973 1116 1036 1145 De-

312 1158 482 1188 mosthenis
503 1163 605 1188 autem
629 1169 698 1197 quae
722 1169 833 1189 nomen
856 1160 1035 1199 praeferuut,

312 1202 379 1239 ojus
398 1206 480 1237 sunt,
505 1202 646 1241 genuinae
669 1207 750 1239 sunt,
771 1206 834 1232 tam
858 1202 1035 1242 perspicuis

312 1244 467 1284 insignitae
487 1246 569 1275 notis
586 1245 740 1282 veritatis,
757 1251 792 1276 ut
811 1257 905 1276 sensu
928 1256 1035 1276 carere

313 1298 383 1316 eum
399 1298 525 1318 necesse
543 1289 595 1324 sit,
612 1289 665 1328 qui
682 1294 789 1319 contra
802 1289 897 1319 dieat.
931 1289 1035 1319 Pauca

311 1335 428 1361 tantum
441 1331 473 1361 in
482 1337 570 1362 texto
582 1333 695 1363 Graeco
708 1333 839 1369 mutavi,
853 1333 954 1372 quoad
967 1334 1033 1372 ejus

312 1374 379 1404 fieri
395 1379 526 1414 poterat,
543 1380 685 1406 currente
700 1377 813 1416 praelo,
828 1387 956 1416 parcens
974 1383 1036 1407 sto-

311 1418 420 1448 macho
457 1419 722 1459 typographorum
751 1419 843 1449 sacile
877 1419 1034 1456 irritabili,

310 1461 383 1491 dum
404 1462 511 1501 relego
528 1462 649 1493 chartas
666 1464 767 1493 adhuc
783 1463 934 1499 madidas,
951 1473 1034 1494 men-

308 1506 427 1544 dasque
456 1516 608 1546 expurgo.
648 1507 744 1536 Paene
771 1517 819 1536 me
843 1517 922 1536 nnnc
943 1507 1034 1546 hujus

308 1548 414 1587 operis
429 1549 517 1588 piget
536 1550 704 1589 pudetque.
749 1551 933 1586 Praestabat,
956 1551 1034 1582 lianc

309 1592 503 1622 Camarinam
519 1598 573 1623 aut
588 1604 648 1623 non
664 1593 813 1631 movisse,
829 1598 880 1624 aut
903 1605 1036 1634 perpur-

312 1646 414 1674 gasse.

353 1680 411 1719 Ep.
435 1679 466 1709 ά.
485 1689 515 1718 p.
536 1681 611 1710 298.
627 1691 659 1712 v.
676 1682 709 1711 7.
733 1679 872 1722 ἐτίθεντο]
897 1680 1032 1721 Recepi.

310 1722 593 1761 interpretabantur.

351 1766 431 1796 ibid.
463 1777 494 1797 v.
525 1770 668 1807 antepen.
699 1766 855 1808 ταφέντος]
892 1767 1034 1798 Nescitis

307 1808 378 1838 hinc
394 1810 556 1845 saeculum,
567 1821 628 1849 quo
638 1821 721 1841 cusae
735 1811 783 1841 hae
797 1814 868 1841 sunt
880 1810 1033 1850 epistolae,

308 1852 433 1883 tertium
451 1863 469 1883 a
484 1853 610 1883 Christo
627 1858 711 1890 nato,
729 1859 782 1884 aut
798 1858 918 1893 quarto,
937 1864 1033 1892 quan-

307 1907 397 1935 quam
418 1897 510 1935 hujus
543 1896 659 1936 potius.
712 1898 902 1927 Prodierunt
925 1897 1032 1936 utique

306 1950 323 1968 e
336 1940 443 1969 schola
458 1945 510 1970 aut
523 1940 656 1977 Libanii,
675 1945 727 1970 aut
742 1941 821 1971 alius
839 1940 969 1978 alicujus
982 1951 1032 1970 so-

304 1983 416 2021 phistae
433 1994 473 2013 ex
488 1983 544 2013 illo
563 1994 668 2023 grege,
689 1985 729 2014 de
746 1995 806 2024 quo
824 1983 1031 2014 Philostratus

303 2026 446 2065 pluribus
462 2028 602 2065 exponit.
638 2028 762 2058 Nobilis
778 2028 827 2057 hic
848 2027 1030 2065 designatus

304 2071 336 2099 in
352 2070 453 2100 insula
471 2071 552 2100 Delo
568 2071 709 2110 sepultus
720 2071 836 2101 Consul
848 2076 900 2100 aut
912 2072 1031 2102 Praetor

304 2113 416 2151 aliquis
449 2114 610 2144 Romanus
636 2114 707 2145 fuit.
752 2114 915 2144 Neminem
937 2114 1028 2153 fugit,

304 2161 417 2196 quanta
441 2161 506 2187 tum
531 2156 627 2187 suerit
648 2158 779 2188 Romani
796 2157 929 2188 nominis
944 2159 1029 2197 apud

305 2202 433 2230 Graecos
448 2201 633 2231 reverentia.

349 2244 425 2275 ibid.
444 2255 476 2284 p.
494 2246 569 2276 299.
585 2255 615 2274 v.
632 2245 682 2275 19.
698 2244 828 2286 εὐτύχει]
853 2245 889 2275 L.
900 2244 1027 2286 εὐτύχει,

301 2286 350 2317 καὶ
365 2289 408 2327 μὴ
421 2287 582 2323 πολιτεύου,
598 2287 677 2327 μήτε
700 2287 850 2328 πρόσκρουε
872 2287 948 2329 μηδὲ
969 2289 1030 2323 ’τοῖς

301 2329 420 2361 ἐλάττω
434 2330 603 2372 δυναμένοις.
619 2330 727 2372 ἔῤῥωσο.

347 2375 408 2415 Ep.
428 2373 467 2408 β’.
490 2385 521 2414 p.
545 2377 623 2406 300.
648 2385 679 2404 v.
701 2378 845 2414 antepen.
868 2374 1026 2417 πολλάκις]

303 2418 367 2448 Aut
386 2429 456 2448 cum
480 2416 642 2450 ἐπέστειλα
665 2418 819 2457 cohaeret3
844 2424 895 2448 aut
915 2429 983 2448 curn
999 2418 1027 2448 ἐ-

303 2461 499 2514 >figmata-agam
514 2462 598 2502 quod
615 2462 798 2491 vocabulum
823 2463 900 2491 bene
922 2462 1025 2492 habet.

301 2503 493 2546 χρηματίζειν
509 2509 556 2536 est
571 2510 703 2535 tractare
724 2506 874 2545 negotium
893 2505 1026 2545 aliquod,

300 2550 461 2590 negotiari,
474 2548 541 2579 sive
555 2559 612 2588 per
627 2552 657 2578 te
673 2551 871 2587 praesentem,
886 2548 953 2579 sive
968 2559 1026 2588 per

302 2592 473 2623 absentiam
488 2597 520 2622 et
535 2603 590 2633 per
605 2591 692 2622 alios.
717 2590 750 2621 Si
760 2592 910 2625 ’πολλάκις
922 2591 972 2621 hic
986 2592 1026 2622 si-

302 2635 428 2674 gnificat
440 2635 523 2666 idem
535 2639 628 2675 atque
641 2634 675 2665 Ξιν
685 2634 826 2670 forsitan,
836 2636 860 2665 si
871 2645 934 2676 ‹Juae
947 2636 1025 2666 sorte

299 2679 375 2708 mihi
403 2683 493 2709 essent
514 2678 662 2716 nonnulla
684 2678 863 2717 expedienda
892 2677 1026 2715 Athenis,

301 2721 417 2751 indicio
430 2726 488 2758 est,
497 2722 648 2762 epistolas
659 2722 717 2752 hac
729 2721 1025 2760 AEsehinejuniores

302 2775 381 2795 esse.
399 2765 516 2796 Seriori
527 2765 608 2795 enim
619 2769 709 2796 aetate
721 2765 846 2796 demum
858 2764 1026 2804 incipiebat

300 2808 452 2843 ’.πολλάκις
465 2819 522 2848 pro
536 2808 605 2844 ἴσως
621 2808 774 2848 usurpari.

344 2851 421 2881 ibid.
439 2862 471 2891 p.
488 2854 563 2883 301.
585 2863 615 2882 v.
633 2854 663 2883 9.
685 2851 830 2893 ἐγενόμην]
855 2850 983 2882 Mallem
1007 2862 1026 2882 a

299 2905 349 2924 me
365 2895 503 2925 deletum
519 2906 599 2926 esse.
645 2896 711 2925 Mei
725 2895 750 2926 si
766 2895 878 2925 fuisset
893 2894 1025 2930 aibitrii,

300 2938 531 2968 constituissem
541 2940 573 2969 h
587 2939 609 2970 l.
623 2938 687 2969 sic:
703 2938 771 2974 ἴσως
785 2937 945 2979 νομισθεις,
956 2949 1023 2968 τοτε

299 2978 356 3021 μὲν
376 2980 431 3011 οὐδ’
444 2980 609 3022 human,
631 2983 673 3014 νῦν
687 2981 835 3014 Bai—tune
851 2982 970 3023 quidem
980 2992 1023 3013 me

297 3035 380 3065 pune,
367 3025 455 3056 »ebur
470 3026 596 3065 quidem

1116 1029 1194 1059 ibid.
1208 1039 1237 1058 v.
1250 1030 1302 1060 13.
1318 1026 1402 1069 ὑμῖν]
1417 1025 1504 1067 Ἠμῖν
1515 1027 1625 1067 procul
1640 1026 1736 1057 dubio
1747 1038 1796 1058 re-

1073 1072 1165 1102 etius.
1181 1081 1227 1102 me
1241 1073 1365 1112 meisque
1379 1072 1543 1102 necessariis
1555 1072 1632 1103 solis.
1648 1074 1679 1101 et
1693 1082 1724 1102 v.
1741 1071 1794 1104 15.

1074 1115 1186 1150 αὺτούς.

1115 1160 1176 1199 Ep.
1197 1156 1234 1196 y'.
1256 1169 1289 1198 p.
1315 1159 1389 1188 302.
1415 1169 1443 1189 v.
1467 1158 1518 1189 17.
1542 1156 1628 1199 αὐτὸ]
1653 1157 1738 1187 Dedi
1753 1157 1794 1187 de

1070 1212 1139 1233 meo
1156 1201 1246 1242 αὐτῷ.
1272 1203 1416 1232 Poteram
1434 1212 1557 1242 quoque
1570 1200 1652 1231 αὐτὸν
1667 1201 1794 1240 praefer-

1069 1256 1116 1283 re,
1142 1246 1197 1276 sed
1221 1250 1286 1275 tum
1301 1245 1336 1275 τὸ
1359 1245 1537 1275 mutandum
1562 1244 1674 1274 fuisset
1692 1244 1723 1273 in
1739 1243 1793 1283 τῷ.

1069 1295 1172 1319 utrum
1188 1295 1289 1328 optes,
1300 1289 1430 1330 perinde
1446 1290 1558 1318 bonum
1575 1292 1634 1318 est.
1644 1288 1810 1318 alterutro‘

1068 1334 1161 1363 modo
1181 1332 1307 1372 scripsit
1330 1336 1439 1362 auctor
1455 1331 1595 1371 quisquis
1611 1331 1638 1361 is
1660 1336 1720 1368 est,
1742 1335 1794 1361 aut

1068 1375 1150 1415 αὐτῷ
1164 1374 1299 1415 γενέσθαι
1314 1375 1357 1412 τὸ,
1373 1380 1425 1406 aut
1439 1375 1522 1406 αὐτὸν
1537 1387 1566 1414 γ.
1583 1374 1638 1415 τῷ.

1112 1421 1174 1459 Ep.
1191 1418 1224 1450 δ’.
1242 1430 1274 1459 p.
1290 1421 1365 1451 302.
1387 1430 1420 1449 v.
1434 1420 1490 1449 ult.
1515 1418 1613 1449 παύση
1622 1417 1681 1458 -]
1705 1418 1793 1448 Bene

1068 1462 1162 1492 habet
1180 1462 1230 1492 hic
1244 1463 1343 1494 locus.
1360 1463 1443 1497 idem
1461 1467 1508 1492 est
1528 1472 1563 1492 ao
1587 1462 1614 1491 si
1635 1460 1792 1491 dixisset.

1069 1506 1167 1548 παύσῃ
1183 1508 1238 1546 γᾶς
1257 1508 1308 1537 τοῦ
1324 1507 1571 1548 πολυπραγμονειν
1585 1505 1630 1535 δια.
1648 1503 1681 1534 τὸ
1703 1510 1793 1535 πολυ-

1069 1560 1271 1590 πραγμονησαι
1286 1550 1316 1581 οὗ
1328 1551 1443 1591 προῖκα,
1458 1551 1646 1589 imposterum
1665 1558 1724 1578 non
1738 1547 1794 1578 eris

1068 1596 1211 1629 curiosus,
1222 1600 1374 1635 postquam
1390 1593 1464 1623 mihi
1481 1603 1580 1633 poenas
1594 1597 1652 1622 tuae
1667 1592 1793 1622 curiosi-

1068 1639 1138 1667 tatis
1153 1638 1278 1673 dederis,
1296 1637 1427 1677 legendo
1447 1637 1569 1676 longam
1581 1636 1659 1665 hano
1675 1635 1792 1675 episto-

1068 1681 1140 1717 lam,
1157 1682 1246 1720 cujus
1265 1681 1320 1711 tibi
1335 1681 1429 1711 lectio
1444 1680 1506 1710 erit
1520 1680 1661 1710 molesta.

1111 1724 1189 1754 ibid.
1207 1736 1237 1764 p.
1255 1726 1330 1756 303.
1354 1735 1384 1755 v.
1402 1726 1435 1754 ⁹7.
1457 1722 1491 1753 τὸ
1511 1721 1660 1763 γςίιμμα]
1688 1721 1719 1751 id
1742 1726 1791 1751 est

1067 1766 1100 1797 τό
1115 1767 1316 1809 σύγγραμμα,
1335 1766 1369 1798 τὸ
1383 1765 1499 1803 ἔιβλίον.
1521 1767 1690 1797 Pindarum
1706 1765 1790 1796 desi-

1068 1816 1152 1850 gnat.

1110 1854 1187 1884 ibid.
1203 1865 1234 1894 p.
1249 1855 1324 1884 304.
1342 1865 1371 1885 v.
1389 1856 1441 1884 18.
1456 1854 1499 1893 μὴ
1516 1852 1560 1893 οὗ]
1584 1853 1627 1892 μὴ
1641 1856 1684 1882 οὑν
1696 1852 1790 1882 debe-

1067 1897 1152 1927 bata
1174 1908 1223 1927 me
1246 1897 1357 1936 lecipi,
1381 1897 1487 1926 sedin
1509 1894 1706 1926 festinatione
1729 1906 1791 1925 non

1067 1941 1172 1970 statim
1197 1941 1366 1970 sentiebam
1389 1941 1457 1979 ejus
1479 1939 1721 1979 bonitatemswi
1738 1950 1791 1969 co-

1064 1983 1161 2014 haeret
1176 1994 1236 2014 non
1253 1994 1322 2014 cum
1339 1983 1420 2019 δοκεῖ,
1435 1983 1489 2013 sed
1507 1992 1577 2012 cum
1589 1981 1681 2022 μόνον.
1710 1982 1791 2012 Con-

1065 2027 1196 2056 structio
1216 2030 1281 2057 est:
1306 2026 1381 2057 δοκαῖ
1394 2023 1438 2057 οὖν
1458 2037 1510 2065 μοι
1531 2027 1574 2066 μὴ
1597 2024 1676 2065 μόνον
1690 2024 1789 2058 βούλε-

1064 2068 1132 2100 σθαι
1146 2070 1224 2111 (nisi
1239 2069 1343 2110 potius
1352 2067 1538 2100 ἕεέουλῆσθαι
1553 2069 1615 2108 leg.
1628 2068 1692 2110 est)
1699 2068 1789 2109 μηνύ-

1064 2125 1127 2150 σαι,
1141 2114 1222 2144 ἀλλὰ
1243 2113 1291 2143 καῖ
1312 2111 1508 2144 cumaei-acea.
1522 2112 1584 2154 (sio
1599 2111 1680 2142 enim
1696 2113 1757 2152 leg.
1771 2123 1789 2142 a

1063 2155 1274 2194 συντείνει-θαι,
1303 2157 1387 2187 idem
1417 2157 1500 2196 quod
1527 2155 1701 2187 σπουδάσαι.
1727 2166 1789 2186 non

1062 2199 1279 2242 συντετάχθαι)
1295 2198 1548 2241 ἔγκεκωμιακέναι.
1576 2200 1675 2230 videor
1701 2198 1788 2236 mihi,

1062 2253 1122 2274 non
1147 2244 1241 2275 solum
1267 2244 1390 2274 voluisse
1419 2243 1668 2274 indicare—sed
1697 2243 1788 2273 etiam

1062 2288 1238 2318 contendisse
1253 2287 1388 2318 laudare.

1105 2331 1183 2361 ibid.
1195 2341 1226 2361 v.
1239 2333 1291 2361 22.
1309 2328 1479 2371 ἑστιᾶσθαι]
1496 2328 1604 2359 Malim
1618 2327 1785 2359 εἱστιέσθαι

1061 2374 1092 2404 in
1106 2375 1246 2414 perfecto
1262 2374 1389 2415 passivi.
1406 2378 1439 2404 et
1453 2383 1527 2403 mox
1540 2383 1682 2403 τοσουτον.

1105 2418 1167 2458 Ep.
1189 2417 1211 2448 ἑ.
1234 2428 1267 2458 p.
1282 2419 1358 2449 305.
1379 2427 1410 2447 v.
1426 2419 1479 2447 11.
1502 2414 1681 2457 Ὃπλιστίᾳ]
1705 2415 1785 2445 Nul-

1060 2461 1125 2491 lum
1146 2462 1204 2492 hoc
1226 2471 1339 2492 nomen
1365 2461 1510 2492 Graecum
1530 2464 1588 2490 est.
1612 2459 1682 2499 lege
1699 2465 1786 2489 Πλει-

1061 2503 1142 2545 στίᾳ.

1103 2547 1183 2578 ibid.
1199 2559 1230 2579 v.
1245 2550 1297 2580 13.
1310 2544 1379 2577 ἀλλ’
1393 2544 1468 2588 οἷ’ων]
1492 2545 1601 2576 Malim
1624 2542 1667 2575 οὖν
1689 2544 1784 2576 inter-

1060 2591 1145 2632 poni.

1104 2634 1179 2665 ibid.
1192 2644 1223 2664 v.
1236 2636 1288 2665 18.
1300 2631 1461 2675 μεδίμνοις]
1477 2630 1783 2671 Revocavi‚expun-

1062 2682 1157 2715 ctum,
1172 2677 1228 2707 sed
1242 2687 1298 2718 per
1313 2677 1410 2713 nefas,
1422 2687 1439 2706 a
1449 2675 1576 2706 Wolfio.
1592 2674 1781 2705 Latinismus

1061 2720 1113 2750 hio
1129 2726 1188 2751 est.
1211 2721 1351 2750 Numera
1362 2720 1421 2749 hoc
1438 2730 1561 2760 quoque
1575 2719 1606 2749 in
1620 2718 1713 2754 notis,
1726 2728 1782 2748 un-

1061 2765 1101 2794 de
1112 2765 1196 2795 fraus
1209 2765 1315 2794 harum
1328 2763 1528 2803 epistolarum
1541 2766 1572 2792 et
1586 2767 1661 2792 aetas
1670 2741 1780 2797 millto,

1061 2818 1152 2846 quam
1168 2807 1228 2837 fuit
1242 2806 1414 2843 AEschinis,
1430 2806 1585 2836 recentior
1608 2806 1780 2844 deprehen-

1060 2851 1161 2881 datur.
1177 2850 1290 2891 ‚Latini
1311 2855 1412 2880 amant
1427 2849 1578 2880 vocabula
1597 2848 1705 2878 eadem
1721 2848 1782 2877 ite-

1059 2905 1139 2931 rare,
1155 2893 1206 2925 vel
1221 2893 1421 2934 ingeminare,
1437 2897 1470 2923 ut
1485 2892 1513 2922 si
1525 2892 1620 2922 dicas.
1643 2891 1780 2921 Laudem

1058 2937 1136 2968 hanc
1151 2937 1248 2968 multo
1269 2937 1431 2969 maximam
1448 2936 1540 2972 duco,
1557 2944 1649 2975 quain
1661 2934 1779 2964 laudem

1058 2991 1149 3011 nemo
1165 2980 1240 3011 mihi
1256 2980 1382 3023 eripiet,
1393 2980 1464 3011 fidei
1476 2979 1508 3010 in
1520 2977 1673 3010 mandatis
1687 2987 1779 3010 exse-

1059 3024 1200 3064 quendis.
