1899 3322
667 170 733 212 ΙΝ
764 170 1114 213 AESCHINEM.

221 283 296 307 mus.
311 277 365 313 44,
381 277 433 308 33.
450 280 482 307 et
493 279 546 312 46,
561 280 592 308 3.

178 315 304 354 Carion,
321 330 448 360 persona
465 321 591 350 comica.
607 323 660 356 49,
679 325 730 352 16.

178 360 356 393 Cedonides
373 362 556 403 (Κηδωνίδης).
573 365 604 399 8,
623 368 673 394 11.

180 403 348 445 Cephalus,
364 406 490 446 insignis
505 412 614 436 orator.
632 409 684 441 83,
701 409 752 437 40.

178 446 419 487 Cephisodotus,
442 448 454 477 ὅ
483 450 531 478 τοῦ
554 449 678 484 Μόλωνος
705 450 883 489 καλούμενος.

221 493 274 525 22,
291 492 344 520 37.

174 531 382 572 Cephisodoti
397 538 587 574 strategatus.
605 537 657 569 60,
673 535 727 564 ult.

177 573 397 614 Cephisophon
415 576 614 606 Paeaniensis.
629 579 681 613 37,
700 580 752 607 30.

176 616 401 658 Cersobleptes.
419 621 472 654 29,
487 621 539 648 21.

177 659 338 695 Chabrias,
355 666 460 691 auctor
475 661 608 692 victoriae
621 662 660 692 ad
676 662 812 692 Naxum.
829 665 881 698 88,

176 744 363 776 Chaerondas
375 746 496 777 archon.
509 748 566 783 57,
581 749 634 778 35.

176 787 302 823 Chares,
325 788 431 819 infelix
453 790 617 830 imperator
634 790 880 821 Atheniensium.

217 832 271 867 3⁷,
286 833 337 861 16.
353 834 406 862 30.
425 835 480 867 40,
497 836 549 864 10.

175 872 378 905 Charidemus
393 876 576 916 explorator.
590 878 643 912 64,
657 878 709 907 33.

175 915 375 958 Charigenes,
391 918 533 960 princeps
558 919 692 950 civitatis
713 919 882 950 Oritarum.

218 961 272 996 68,
288 963 340 991 21.

174 1001 301 1039 Chilon,
317 1003 621 1036 Lacedaemoniorum
635 1007 813 1037 navarchus.
829 1008 884 1042 38,

174 1087 297 1119 Cimon.
311 1090 366 1125 31,
381 1092 412 1120 2.

171 1130 309 1162 Cirrhaei.
327 1135 380 1167 68,
394 1134 447 1163 38.
472 1144 576 1164 eorum
588 1140 620 1165 et
630 1134 798 1165 Locrorum
812 1145 882 1166 cum

217 1173 500 1217 Amphictyonibus
515 1177 638 1207 bellum.
654 1181 706 1213 68,
717 1180 770 1208 40.

174 1217 350 1249 Cleaenetus
366 1219 645 1251 chorodidascalus.
664 1224 715 1257 14,
731 1223 761 1252 9.

172 1260 349 1296 Cleobulus,
366 1261 475 1293 Glauci
490 1262 580 1298 filius,
590 1263 808 1301 Acharnensis‚
822 1264 881 1294 fra-

215 1308 261 1333 ter
277 1305 382 1335 matris
398 1305 566 1335 AEschinis.
577 1308 631 1342 38,
647 1309 699 1337 21.

171 1346 358 1377 cleochares
373 1347 598 1380 Chalcidensis.
614 1352 667 1384 44,
684 1352 714 1380 2.

171 1389 348 1430 Cleopatra,
360 1390 498 1430 Philippi
513 1392 586 1428 filia,
602 1393 642 1422 ad
658 1403 750 1433 quam
767 1392 880 1434 legatio

213 1432 306 1463 missa
320 1437 368 1463 est
382 1434 421 1464 ab
436 1433 693 1471 Atheniensibus,
712 1436 879 1466 condolen-

214 1475 265 1506 tiae
295 1475 505 1516 significandae
533 1488 604 1519 ergo
634 1479 673 1509 ob
708 1478 878 1509 Alexandri

213 1518 345 1549 Molossi
360 1524 498 1556 mortem,
514 1521 568 1561 qui
583 1521 708 1552 maritus
720 1521 788 1563 ejus
801 1528 878 1552 erat.

214 1563 268 1598 88,
283 1564 336 1593 22.

171 1604 345 1646 Cleophon.
361 1606 416 1641 75,
431 1608 463 1637 3.
493 1606 506 1636 ὅ
521 1608 677 1648 λυροποιός.
693 1611 746 1645 38,
763 1611 792 1639 9.

171 1647 358 1683 Clitarchus,
366 1653 514 1689 tyrannus
525 1650 755 1682 Eretriensium.
767 1654 819 1688 68,
828 1654 878 1682 17.

170 1690 318 1728 Cnosion,
332 1692 460 1723 adulter.
478 1695 531 1729 48,
548 1696 599 1724 10.

171 1733 343 1775 Corcyraeis
359 1746 449 1774 opem
466 1736 536 1766 tulit
550 1737 739 1768 Timotheus.
758 1741 810 1774 88,
828 1740 879 1768 28.

172 1776 356 1819 Corrhagus,
386 1779 496 1808 ductor
526 1780 658 1810 militurn
688 1782 879 1822 quorundam

212 1821 481 1858 mercenariorum,
502 1823 541 1852 ab
553 1823 742 1859 Alexandm,
759 1825 791 1854 in
807 1824 882 1855 Asi-

213 1873 262 1893 am
278 1864 501 1904 proficiscente,
517 1866 547 1895 in
564 1866 687 1897 Graecia
697 1867 880 1904 relictorum,

213 1906 281 1947 ejus
296 1908 420 1938 tuendae
433 1918 515 1948 ergo.
531 1911 585 1945 77,
604 1913 656 1940 16.

171 1948 362 1991 Cottyphus,
385 1951 449 1980 dux
477 1950 759 1993 Amphictyonum,
781 1954 879 1984 Phar-

212 1993 313 2022 salius.
327 1995 381 2028 71,
395 1996 426 2023 7.
442 1995 494 2023 40.

170 2034 294 2071 Critias,
305 2046 384 2066 unus
395 2035 522 2077 triginta
534 2042 745 2079 tyrannorum.
761 2041 813 2076 24,
823 2042 878 2071 33.

171 2077 348 2109 Critobulus
365 2079 604 2120 Lampsacenus.
618 2083 713 2117 39,8.
731 2084 782 2113 25.

171 2120 462 2162 CrobyluS.70,15.
485 2123 578 2154 frater
589 2123 796 2165 Hegesandri,
812 2135 880 2156 ora-

215 2169 271 2194 tor.
290 2166 321 2200 9,
337 2167 388 2195 35.
415 2169 466 2202 10,
483 2168 536 2197 31.

170 2206 354 2248 Ctesiphon,
370 2208 487 2250 legatus
501 2210 541 2240 ad
553 2210 743 2252 Philippum.
759 2213 811 2248 29,
824 2213 878 2243 38.

214 2252 268 2286 33,
283 2253 336 2281 33.

171 2292 353 2332 Ctesiphon,
373 2295 429 2335 qui
459 2296 498 2326 ab
529 2296 682 2328 AEschine
711 2298 880 2338 παρανόμων

212 2337 333 2385 actione
355 2337 528 2369 infestatur.
553 2341 606 2376 54,
621 2342 674 2370 41.
697 2346 729 2371 et
745 2351 792 2382 sq.
815 2347 878 2372 tota

213 2384 359 2411 oratione.

494 2500 546 2534 D.

170 2591 284 2622 Darius
299 2591 529 2624 Codomannus.
545 2596 598 2630 77,
615 2597 646 2624 8.

169 2634 309 2664 Deiares.
326 2637 378 2672 37,
396 2640 447 2668 18.

169 2677 340 2718 Deipyrus.
355 2679 432 2710 ibid.

168 2720 368 2751 Deinaenetus
385 2721 538 2764 Buzyges.
555 2725 607 2758 38,
627 2725 678 2754 22.

168 2763 370 2793 Democrates
389 2764 591 2806 Aphidnaeus.
604 2769 658 2802 30,
678 2769 726 2798 19.

169 2805 875 2845 DemomelesPaeaniensis,Dernostheniscon-

210 2849 359 2885 sobrinus,
380 2852 430 2881 cui
456 2852 556 2882 dicam
582 2853 730 2884 vulnerati
754 2854 798 2884 sui
824 2855 875 2884 ille

210 2891 341 2930 scripsit.
366 2895 419 2928 40,
441 2897 492 2924 23.
516 2895 554 2924 ab
580 2895 639 2926 hoc
664 2898 703 2928 ad
737 2897 874 2937 Areopa-

214 2945 284 2975 gum
302 2934 431 2967 delatus.
444 2940 496 2972 60,
514 2938 631 2978 penult.

168 2976 322 3013 Demonis
337 2978 456 3011 domus.
474 2982 524 3019 1⁷,
539 2982 591 3012 38.

920 278 1138 318 Demophilus.
1156 280 1207 313 12,
1221 280 1273 308 22.

920 321 1163 350 Demosthenes.
1189 324 1240 357 16,
1256 325 1309 351 41.

920 363 1161 398 Demosthenes,
1176 369 1263 404 pater
1278 364 1414 395 oratoris.
1428 366 1482 400 78,
1499 366 1550 395 23.

920 405 1098 447 Dercyllns,
1119 406 1150 435 in
1175 407 1279 446 legatis
1312 409 1349 438 ad
1378 408 1556 448 Philippum
1589 409 1628 438 de

963 459 1052 489 pace.
1069 451 1121 483 34,
1133 451 1184 478 21.
1202 451 1253 484 46,
1269 453 1321 480 37.
1346 451 1398 480 ubi
1413 461 1473 480 uno
1490 457 1509 479 λ
1525 462 1630 481 exara-

962 498 1025 520 tum
1042 498 1088 521 est
1104 492 1162 521 hoc
1177 502 1300 522 nomen.

920 533 1073 574 Dercylus
1090 534 1240 569 Autoclis,
1257 534 1445 575 Hugnusius.
1462 539 1514 572 49,
1532 538 1562 566 8.

919 576 1089 612 Diodorus,
1111 577 1122 606 ὁ
1146 577 1396 617 δολιχοδξομῆσας,
1419 578 1536 618 legatus
1559 579 1631 610 Cal-

962 619 1010 648 liae
1028 620 1065 648 ad
1082 618 1300 650 Athenienses.
1317 623 1369 655 66,
1385 623 1437 651 32.

918 661 1093 702 Diognetus
1122 663 1361 704 Anaphlystius‚
1391 663 1628 696 hieromnemon.

961 707 1015 740 69,
1030 707 1082 736 39.

918 747 1103 788 Dionysius,
1119 748 1230 779 Siciliae
1247 754 1406 790 tyrannus.
1421 752 1474 785 29,
1492 751 1543 779 22.

918 789 1128 831 Diophantus,
1145 792 1326 832 cognomine
1341 793 1443 823 orbus.
1461 795 1513 829 22,
1527 795 1579 823 33.

917 832 1085 874 Diopithes
1101 835 1270 865 Suniensis.
1288 837 1319 870 9,
1335 838 1389 866 30.

918 875 1046 907 Dracon
1061 877 1227 918 legislator.
1246 881 1274 914 1,
1288 880 1341 908 32.

1252 996 1298 1030 Ε.

918 1086 987 1117 Elei
1001 1087 1188 1119 deficiebant
1201 1089 1240 1119 ab
1256 1088 1443 1120 Alexandro.
1460 1093 1512 1126 77,
1527 1091 1578 1122 15.

918 1130 975 1160 Em
981 1132 1096 1171 pedon,
1110 1132 1230 1173 legatus
1246 1132 1354 1163 Calliae
1364 1133 1403 1163 ad
1413 1133 1630 1165 Athenienses.

918 1175 1082 1257 Ερῗῗιζᾶῗέε.
1110 1218 1312 1256 Paeaniensis,
1337 1219 1513 1251 Philodemi
1540 1220 1630 1252 filius.

916 1262 1131 1333 Etgffbusstgdae.
1147 1306 1201 1340 47,
1217 1307 1270 1336 39.
1295 1316 1330 1336 ex
1353 1317 1390 1336 eo
1414 1317 1525 1346 genere
1547 1306 1632 1348 lege-

958 1346 1049 1376 batur
1064 1348 1206 1378 sacerdos
1221 1348 1373 1379 Minervae
1389 1349 1537 1380 Poliadis.
1553 1351 1631 1382 ibid.

915 1387 1136 1420 Euboeensium
1165 1390 1259 1432 legati
1288 1392 1418 1432 primam
1450 1394 1534 1433 pacis
1560 1403 1631 1424 cum

959 1431 1108 1473 Philippo
1123 1433 1269 1464 ineundae
1294 1436 1480 1466 mentionem
1497 1435 1630 1466 Athenis

958 1475 1105 1506 fecerunt.
1122 1478 1175 1512 29,
1191 1479 1243 1507 5⁶2.

916 1516 1065 1551 Eubulus.
1088 1522 1141 1554 29,
1158 1522 1211 1550 14.
1233 1523 1285 1556 52,
1302 1523 1354 1551 39.
1378 1531 1490 1563 magna
1511 1520 1578 1562 ejus
1596 1521 1630 1551 fi·

957 1561 1011 1591 des
1027 1567 1094 1592 erat
1108 1564 1192 1604 apud
1210 1564 1369 1604 populum.
1387 1567 1440 1600 57,
1454 1568 1505 1596 24.

914 1604 1071 1635 Euclides.
1087 1608 1126 1636 τὰ
1142 1605 1192 1647 *πρό
1206 1606 1347 1637 Εὐκλείδου
1359 1608 1457 1648 ἄκυςα.
1475 1611 1504 1644 6,
1521 1610 1571 1638 13.

915 1647 1078 1683 Eucratus,
1092 1649 1288 1680 Strommichi
1299 1650 1389 1680 filius.
1407 1653 1461 1686 30,
1480 1654 1529 1681 10.

915 1690 1104 1729 Eupolemus
1120 1693 1301 1732 paedotriba,
1319 1700 1444 1734 patruus
1462 1694 1628 1725 Timarchi.

916 1737 1089 1826 Eiilrillpicidsi.
1104 1738 1156 1814 ἒξ,
1171 1781 1220 1808 12.
1233 1782 1285 1810 21.
1309 1780 1360 1810 ubi
1377 1780 1462 1810 locus
1478 1791 1514 1810 ex
1528 1791 1565 1811 eo
1582 1791 1630 1811 re-

915 1826 1103 1905 EuergffztauES'
1119 1865 1291 1906 exemplum
1312 1867 1433 1905 perfidi,
1452 1867 1627 1907 proditoris.

915 1909 1085 2005 ΕυΞ-ῗὲἰῑῖςρε,
1099 1960 1174 1980 uxor
1186 1950 1347 1993 Amyntae,
1363 1958 1458 1984 mater
1477 1952 1628 1994 Philippi.

913 1993 1322 2077 Bulbi-'ydiiculilbarbitonsor-
1339 2040 1370 2075 6,
1384 2041 1435 2068 16.

1251 2165 1296 2199 G.

915 2254 1094 2312 Glauceetes,
1105 2256 1224 2298 legatus
1237 2258 1345 2289 Calliae
1356 2258 1395 2288 ad
1407 2250 1625 2290 Athenienses.

915 2301 1193 2381 Glgffgosslthaei,
1208 2343 1438 2386 Cholargensis.
1455 2348 1484 2380 9,
1502 2348 1554 2377 28.
1570 2346 1624 2378 ult.

914 2388 1065 2464 Glaigcusss',
1081 2429 1166 2470 pugil
1182 2435 1331 2461 vetustus.
1348 2434 1399 2465 81,
1411 2432 1442 2461 5.

915 2470 1135 2509 Gnosidemus,
1152 2473 1333 2514 Charigenis
1351 2474 1439 2510 filius,
1456 2474 1555 2505 Orita.
1572 2478 1625 2511 68,

915 2518 1272 2598 Glegibavusmaternus
1280 2560 1624 2598 Demosthenis.78‚14.

1244 2678 1291 2711 H.

911 2769 1096 2801 Harmodius
1112 2776 1143 2801 et
1165 2771 1364 2810 Aristogiton,
1389 2771 1547 2811 possintne
1570 2783 1624 2813 pro

953 2814 1126 2844 auctoribus
1148 2815 1339 2854 paederastiae
1362 2814 1477 2844 haberi.
1502 2817 1553 2851 18,
1570 2818 1623 2847 38.

956 2859 1007 2891 19,
1023 2859 1074 2887 36.

912 2898 1101 2939 Hegeinonis
1117 2899 1174 2929 lex.
1191 2902 1244 2935 57,
1260 2901 1312 2930 25.

913 2941 1124 2982 Hegesander,
1146 2944 1269 2983 quicum
1295 2942 1475 2974 Timarchus
1500 2944 1566 2974 fuit.
1590 2948 1621 2977 8,

956 2988 1008 3016 31.
1037 2988 1085 3020 13,
1103 2988 1154 3016 32.
1181 2988 1231 3022 15,
1244 2988 1295 3017 3⁶3.
1322 2985 1440 3028 Diphili
1457 2987 1546 3024 filius,
1563 2987 1623 3017 Sti-
