1982 3340
340 194 442 236 xxiv
839 195 891 237 C.
927 195 974 237 F.
1009 195 1302 238 MATTHAEI

334 302 469 338 πολλοὶ
488 299 771 353 μισθωσάμενοι
791 306 884 353 μίαν
905 303 1050 348 οἴκησιν
1070 302 1272 354 διελόμενοι
1293 301 1435 354 ἔχουσι,
1459 309 1650 346 συνοικίαν
1667 310 1803 346 καλοῦ-

332 381 412 415 μεν,
433 365 527 402 ὅπου
548 365 576 402 δ’
592 363 646 408 εἷς
666 365 809 411 ἐνοικεῖ,
832 368 966 404 οἰκίαν·
987 366 1055 404 ἐάν
1074 364 1103 403 δ’
1122 367 1173 409 εἷς
1191 366 1230 403 ἓν
1251 365 1368 410 δήπου
1387 368 1527 406 τοῦτων
1547 375 1620 409 τῶν
1639 370 1701 408 ἐπὶ
1719 375 1803 413 ταῖς

333 426 435 469 ὁδοῖς
461 426 714 478 ἐργαστηρίων
745 426 869 478 ἰατρὸς
899 430 1102 474 οἰκήσηται,
1134 430 1298 478 ἰατρεῖον
1326 431 1508 466 καλεῖται·
1538 430 1605 468 ἐὰν
1631 431 1658 469 δ’
1683 433 1703 469 ὁ
1731 431 1804 481 μὲν

333 488 574 536 ἐξοικήσηται,
605 491 657 533 εἷς
685 489 722 527 δὲ
753 490 793 528 τὸ
820 491 912 528 αὐτὸ
938 495 1045 528 τοῦτο
1071 492 1320 542 ἐργαστήριον
1350 493 1514 542 χαλκεὺς
1538 496 1801 541 εἷσοικήσηται,

332 553 512 601 χαλκεῖον
531 550 682 598 ἐκλήθη·
713 551 780 589 ἑοὶν
802 551 838 589 δὲ
859 552 1039 600 γναφεὺς,
1063 558 1254 605 γναφεῖον·
1277 554 1344 591 εὀὶν
1364 553 1400 591 δὲ
1421 557 1570 601 τέκτων,
1590 562 1802 595 τεκτονεῖον.

334 612 464 650 Facile
484 620 611 651 autem
633 621 809 664 apparet,
831 627 902 652 eur
923 620 1056 652 orator
1077 615 1163 653 haec
1184 615 1238 654 ita
1259 616 1427 654 tenuiter
1443 618 1682 668 exposuerit.
1726 620 1804 657 Res

333 673 436 710 enin]
465 687 536 724 per
556 688 596 712 se
625 680 763 713 tenues
790 682 828 713 et
852 676 1012 714 minutae
1041 689 1118 714 non
1149 676 1360 726 capiebant
1380 686 1559 717 ornatum
1586 687 1626 718 et
1646 679 1806 719 dicendi

333 735 630 775 vehementiam.

913 833 1084 875 SECT.
1116 834 1230 875 VII.

859 916 925 954 De
944 918 1122 954 oratione
1132 916 1284 967 faceta.

388 994 502 1032 Hanc
523 994 889 1046 simplicitatem‚11e
909 995 1026 1033 nimia
1042 996 1235 1034 tenuitate
1254 1000 1294 1033 et
1312 1000 1471 1034 ornatus
1491 995 1623 1046 inopia
1642 997 1805 1037 molesta

334 1055 397 1102 sit,
419 1057 597 1094 comitari
619 1064 658 1094 et
674 1057 894 1107 jucundam
916 1057 1081 1096 reddere
1103 1058 1221 1095 debet
1243 1057 1318 1095 alia
1338 1058 1524 1097 orationis
1551 1058 1686 1108 virtus,
1715 1073 1804 1110 quae

332 1130 355 1154 a
376 1118 529 1156 Graecis
558 1119 685 1169 χάρις,
706 1118 831 1165 ἡδονὴ,
853 1118 1042 1171 ἀφροδίτη,
1063 1121 1256 1169 εὖστομία,
1279 1121 1320 1157 τὸ
1348 1121 1542 1171 στωμύλον
1561 1120 1726 1171 aliisque
1755 1121 1805 1159 si-

333 1179 490 1217 milibus
521 1180 741 1217 nominibus
771 1181 1005 1230 appellatur.
1064 1180 1143 1224 Qui
1173 1194 1219 1219 ea
1248 1181 1383 1226 utitur,
1415 1195 1502 1219 eum
1531 1181 1669 1220 dicunt
1691 1182 1805 1229 ἡδέως

333 1243 391 1277 καὶ
419 1244 695 1293 κεχαρισμένως
716 1244 775 1279 καὶ
794 1242 1048 1294 ἐπαφροδίτως
1068 1245 1198 1281 εἰπεῖν.
1255 1243 1386 1281 Latini
1412 1244 1603 1294 leporem,
1630 1243 1806 1292 facetias,

332 1304 565 1344 suavitatem
585 1304 736 1342 dicunt.
795 1305 895 1342 Haec
926 1304 1122 1342 interdum
1145 1318 1192 1342 ex
1213 1317 1292 1342 uno
1314 1310 1380 1342 aut
1399 1305 1553 1343 duobus
1572 1305 1701 1343 verbis
1729 1305 1806 1343 ori-

334 1371 410 1411 tur,
434 1373 476 1403 ut
498 1366 572 1403 hoc
601 1365 640 1403 in
666 1366 755 1403 loco
773 1378 781 1403 z
811 1369 859 1414 (κ.
880 1370 1039 1418 Κτησιφ.
1058 1368 1090 1412 ξ.
1111 1366 1193 1414 λά.)
1221 1369 1298 1404 ναί·
1319 1368 1425 1404 rma*
1446 1370 1606 1417 χαλκοῖς
1633 1368 1694 1404 καὶ
1714 1366 1807 1404 ἀδα-

332 1428 530 1479 μαντίνοις
559 1431 737 1479 τείχεσιν,
760 1431 809 1471 ὡς
833 1430 943 1471 αὒτός
962 1435 1065 1481 φησι,
1096 1431 1163 1474 τὴν
1191 1432 1322 1479 χώραν
1341 1430 1447 1479 ἡμῶν
1466 1428 1640 1483 ἐτείχισε,
1668 1430 1712 1483 τῇ
1736 1435 1808 1467 τῶν

332 1489 511 1537 Εὐβοέων
531 1492 591 1527 καὶ
619 1488 801 1537 Θηβαίων
823 1491 1035 1541 συμμαχίᾳ.
1098 1489 1229 1530 Verba
1252 1489 1352 1527 enim
1373 1492 1424 1533 ὡς
1443 1491 1557 1532 αὑτός
1577 1497 1681 1541 φησι,
1701 1489 1808 1528 face-

333 1557 413 1589 tam
429 1552 662 1603 arrogantiae
685 1559 724 1590 et
744 1551 932 1589 orationis
952 1551 1232 1589 Demosthenis
1253 1550 1472 1589 irrisionem
1493 1551 1710 1590 continent⁴⁷
1738 1552 1810 1590 Est

331 1613 372 1651 in
393 1614 526 1652 eadem
550 1614 726 1652 oratione
754 1614 865 1652 locus
891 1613 941 1652 de
968 1613 1251 1658 Demosthene,
1275 1618 1440 1663 patrono
1460 1613 1669 1660 Timarchi,
1691 1627 1809 1664 quem

331 1682 538 1714 accusarat
570 1675 787 1714 AEschines.
845 1677 898 1721 Is,
932 1675 1026 1725 quia
1059 1680 1118 1712 est
1149 1674 1313 1723 longior,
1345 1687 1391 1712 ea
1424 1680 1576 1713 tantum
1607 1674 1807 1722 indicabo,

333 1750 423 1787 quae
444 1737 624 1775 videntur
643 1737 840 1788 jucunda,
862 1749 1087 1787 quanquam
1116 1736 1209 1774 talia
1233 1735 1466 1786 plerumque
1486 1737 1624 1775 melius
1651 1750 1700 1775 ex
1722 1743 1808 1776 toto

333 1799 518 1837 orationis
539 1799 678 1837 habitu
698 1798 945 1848 judicantur.
1002 1798 1128 1836 Prima
1150 1797 1322 1835 suavitas
1343 1798 1466 1836 oritur
1484 1812 1532 1836 ex
1557 1798 1808 1849 oppositione

332 1864 475 1911 faceta,
507 1878 596 1903 cum
627 1864 723 1902 dicit
752 1863 866 1912 (ibid.
897 1865 930 1911 ξ.
957 1864 1031 1911 οὰ.)
1060 1862 1109 1901 de
1140 1862 1424 1914 Demosthene,
1450 1860 1559 1906 οὗτος
1590 1865 1712 1902 κλαίει
1736 1865 1810 1916 μὲν

330 1927 435 1976 ῥᾷον,
456 1928 478 1973 ἢ
498 1929 611 1965 ἄλλοι
639 1930 815 1976 γελῶσιν.
873 1926 1010 1964 Altera
1036 1939 1084 1963 ex
1103 1938 1254 1963 morum
1282 1918 1484 1963 notatione
1513 1925 1718 1976 ejusdem:
1747 1928 1812 1965 οὒκ

332 1989 381 2028 ἃν
411 1991 648 2041 θαυμάσαιμι
669 1988 719 2035 δὲ,
741 1990 771 2026 εἰ
800 1987 1138 2039 μεταβαλλόμενος
1169 1992 1248 2030 τοῖς
1276 1985 1340 2033 ἔξω
1360 1988 1615 2038 περιεστηκόσι
1643 1987 1812 2040 λοιδορή-

334 2067 452 2091 σεται.
509 2051 647 2090 Tertia
675 2065 696 2089 e
725 2050 862 2101 figura,
884 2050 978 2088 ὅταν
998 2050 1040 2095 δὴ
1061 2054 1180 2088 ταῦτα
1199 2051 1308 2104 λέγῃ,
1331 2049 1424 2100 πρὸς
1451 2048 1521 2100 μὲν
1545 2048 1631 2093 τούς
1655 2066 1811 2088 στασια-

333 2114 478 2158 στικοὺς
498 2115 638 2163 λόγους
658 2114 772 2152 ἐκεῖνο
792 2116 891 2165 αὑτῷ
913 2111 1163 2160 ὑποβάλλετε,
1179 2110 1250 2158 ὅτι,
1271 2107 1299 2148 ὦ
1317 2110 1564 2162 Δημόσθενες,
1581 2113 1610 2149 εἰ
1631 2113 1690 2149 σοὶ
1709 2109 1810 2158 ἦσαν

332 2176 451 2228 ὅμοιοι
473 2178 507 2215 οἱ
536 2176 611 2214 ἀπὸ
641 2176 765 2222 Φυλῆς
794 2176 983 2227 φεύγοντα
1008 2174 1071 2212 τὸν
1098 2172 1214 2224 δῆμον
1241 2174 1541 2221 καταγαγόντες,
1562 2175 1627 2210 οὒκ
1652 2173 1701 2211 ἄν
1720 2189 1810 2211 ποτε

332 2238 560 2289 δημοκρατία
580 2239 747 2284 κατέστη.
807 2237 953 2275 Rursus
973 2249 994 2274 e
1015 2234 1153 2285 figura,
1180 2233 1293 2283 (ibid.
1316 2235 1348 2280 ξ.
1367 2232 1460 2283 οβ’.)
1479 2233 1573 2273 ὅταν
1598 2235 1696 2286 ὑμᾶς
1723 2235 1808 2272 ἑπε-

332 2304 443 2351 ρωτᾷ,
465 2306 528 2338 ποῖ
548 2300 784 2352 καταφεῦγω,
806 2299 938 2350 ἄνδρες
957 2298 1156 2344 Ἀθηναῖοι
1169 2311 1180 2342 ;
1211 2295 1468 2348 περιγράψατὲ
1485 2313 1531 2348 με
1549 2296 1589 2333 ἐκ
1614 2303 1680 2342 τῆς
1705 2298 1812 2334 πολι-

332 2366 450 2407 τείας,
472 2365 536 2400 οὒκ
559 2361 675 2407 ἔστιν,
698 2362 770 2408 ὅπη
799 2363 1081 2412 ἀναπτήσομαι·
1111 2357 1432 2407 ἀνθυποβάλλετε
1453 2360 1565 2410 αὑτῷ,
1587 2359 1607 2395 ὁ
1635 2357 1671 2397 δὲ
1694 2358 1810 2409 δῆμος

333 2426 352 2461 ὁ
381 2424 617 2470 Ἀθηναίων,
649 2428 712 2461 ποῖ
741 2427 952 2478 καταφύγῃ,
985 2422 1246 2474 Δημόσθενες;
1274 2421 1298 2465 ἢ
1327 2419 1421 2470 πρὸς
1452 2423 1567 2458 ποίαν
1599 2421 1812 2472 συμμάχων

333 2489 598 2537 παρασκευήν;
628 2486 719 2536 πρὸς
746 2491 836 2523 ποῖα
863 2490 1066 2537 χρήματα;
1096 2488 1133 2522 τί
1161 2481 1478 2534 προβαλλόμενος
1495 2483 1589 2535 ὑπὲρ
1609 2488 1674 2521 τοῦ
1693 2482 1811 2534 δήμου

333 2549 623 2593 πεπολίτευσαις
656 2551 681 2585 ἃ
700 2547 768 2599 μὲν
789 2550 865 2598 γάρ
884 2548 977 2598 ὑπὲρ
999 2550 1153 2584 σεαυτοῦ
1173 2543 1442 2593 βεβούλευσαι,
1463 2546 1631 2588 ἅπαντες
1651 2546 1809 2596 ὁρῶμεν.

334 2612 424 2649 item
445 2611 563 2662 paulo
582 2616 674 2662 post
694 2609 806 2661 (ibid.
827 2613 862 2658 ξ.
879 2609 968 2657 ογ’.)
983 2621 1030 2646 ex
1047 2606 1170 2658 figura
1188 2613 1229 2645 et
1249 2606 1398 2644 ratione
1414 2605 1614 2656 eleganter
1628 2605 1808 2645 reddita:

334 2674 378 2712 ὃν
396 2674 575 2725 ἐχρῆν-
591 2672 706 2710 αὐτὸν
726 2672 961 2722 παρελθόντα
985 2673 1038 2713 εἷς
1067 2672 1135 2715 τὴν
1162 2669 1364 2715 ἐκκλησίαν
1383 2670 1514 2713 εἰπεῖν,
1542 2667 1672 2720 ἄνδρες
1690 2666 1813 2715 Ἀθη-

334 2741 448 2781 ναῖοι,
468 2737 530 2775 τὸν
558 2735 627 2787 μὲν
654 2736 838 2787 στέφανον
867 2733 1038 2784 δέχομαι,
1060 2731 1124 2770 τὸν
1152 2730 1188 2769 δὲ
1219 2730 1347 2781 καιρὸν
1366 2729 1641 2781 ἀποδοκιμάζω,
1662 2729 1703 2769 ἐν
1722 2727 1751 2782 ᾦ
1769 2730 1810 2767 τὸ

335 2802 508 2848 κήρυγμα
529 2803 688 2846 γίνεται.
716 2798 759 2834 οὺ
778 2798 856 2846 γάρ
878 2795 932 2832 δεῖ
951 2795 1003 2847 ἐφ’
1023 2792 1082 2837 οἷς
1100 2796 1123 2840 ἡ
1141 2794 1253 2836 πόλις
1272 2792 1454 2838 ἐπένθησε
1474 2793 1534 2829 καὶ
1553 2792 1731 2843 ἐκείρατο,
1751 2793 1812 2830 ἐπὶ

335 2862 478 2902 τούτοις
497 2859 562 2910 ἐμὲ
582 2860 869 2909 στεφανοῦσθαι.
912 2857 1063 2895 Rursus
1084 2855 1123 2893 in
1142 2854 1364 2893 narratione
1384 2853 1434 2892 de
1455 2853 1633 2893 Cirrhaeo
1655 2867 1811 2905 campo,

338 2934 442 2972 quae,
459 2926 503 2959 ut
521 2925 604 2958 tota
625 2927 685 2959 est
705 2921 874 2972 elegam,
893 2919 948 2958 ita
963 2917 1154 2970 imprimis
1170 2915 1320 2968 placuit
1341 2916 1466 2954 faceta
1489 2915 1556 2954 illa
1575 2915 1758 2967 repetitio
1772 2921 1812 2954 et

339 2983 519 3022 narrandi
548 2982 761 3022 sedulitas:
791 2982 893 3038 τῇδὲ
922 2984 1097 3032 ὑστεραίᾳ
1125 2979 1243 3031 (ibid.
1270 2981 1304 3025 ξ.
1329 2978 1420 3026 w.)
1448 2982 1582 3030 ἥκομεν
1613 2978 1730 3018 ἕωθεν
1756 2981 1810 3022 εἷς
