1932 3322
511 170 596 212 AD
629 169 728 213 ΟΒ.
761 170 816 213 C.
847 167 1246 212 TIMARCHUM.

138 262 250 303 plebem
266 260 328 292 haec
343 261 459 294 locutus
474 268 525 293 est.
547 262 696 298 Audistis,
712 261 857 298 Quirites,

141 305 251 346 inquit,
266 305 360 342 modo,
375 316 438 345 quae
455 305 501 335 hic
517 306 603 336 dizit.

183 347 260 378 ibid.
277 358 308 378 v.
323 350 355 379 5.
380 348 485 391 ἔχομεν
506 360 534 378 κ.
551 360 580 377 τ.
598 346 645 387 λ.]
677 346 727 376 Sic
742 345 855 387 ferme,

141 390 284 421 hactenus
299 392 504 431 quodammodo
524 396 694 421 excusatum
717 389 856 420 habemus

141 433 344 464 Timarchum.

181 476 261 507 ibid.
278 488 308 508 v.
319 480 351 507 7.
369 475 493 518 ἡσυχίᾳ]
515 474 643 517 Ἡσυχία
658 475 689 505 h.
701 476 722 505 l.
740 481 788 506 est
805 486 852 506 so-

137 519 237 551 litudo
250 521 325 557 loci,
340 531 410 551 curn
426 521 507 556 silet,
519 519 658 551 aedificiis
668 519 852 556 denudatus,

137 568 171 593 et
192 565 232 594 ab
253 564 366 594 incolis
389 564 544 594 desertus.
589 563 748 593 Sententia
765 563 853 594 vide-

137 611 189 636 tur
205 617 273 637 esse
288 608 365 638 baec.
408 607 588 637 Timarchus
604 606 725 636 videtur
741 606 852 636 existi-

137 659 249 686 masse,
271 651 362 681 locus
384 650 435 680 hic
451 660 567 680 vacuus
586 649 613 679 si
633 649 773 680 aedificiis
794 649 850 679 im-

135 692 270 732 pleatur,
285 693 366 724 haud
379 703 490 732 magno
504 693 537 723 id
548 703 618 723 esse
631 693 849 730 constiturum,

135 740 168 765 et
181 736 388 775 pecuniolam,
401 746 470 775 quae
491 736 524 766 in
545 746 698 776 quemque
713 741 850 766 nostrum

135 788 194 818 pro
210 784 276 809 tata
291 790 347 810 sua
361 780 547 809 conferenda
562 779 677 816 veniat,
698 779 764 809 fore
781 791 850 820 per·

135 832 227 861 quam
241 822 400 853 minutam.
430 823 492 853 Sed
507 823 683 863 Autolycus
704 824 846 853 consulto

135 866 283 896 utebatur
298 866 436 896 oratione
451 866 581 905 quaesita
596 871 628 897 et
644 866 790 896 affectata
804 871 848 897 at-

134 918 195 947 que
220 909 371 946 involuta,
391 919 453 949 quo
478 910 580 940 locum
604 911 735 940 haberet
758 920 850 941 voca·

135 951 209 981 bnla
224 952 286 982 dno
303 953 477 992 ingerendi,
493 963 561 993 quae
582 958 709 994 possent
726 953 758 983 in
783 964 850 983 sen-

134 1005 202 1025 snm
219 996 389 1035 turpiorem
404 997 594 1036 detorqueri.
611 995 719 1038 ἡσυχία
734 997 765 1026 in
781 1002 851 1026 actu

135 1039 241 1077 operis
255 1040 381 1069 venerei
394 1050 463 1079 quae
476 1040 558 1070 sitin
571 1051 700 1080 corpore
715 1040 850 1079 patiente

132 1081 226 1111 facile
243 1093 261 1112 a
277 1093 400 1122 quoque
414 1082 616 1123 intelligatur.
631 1082 728 1124 μικρὸν
742 1085 851 1114 ἀνάλω-

132 1136 183 1164 μα
198 1125 323 1156 videtur
337 1126 434 1157 dictio
444 1126 544 1157 fuisse
559 1128 598 1157 de
614 1127 752 1168 lupanari
762 1138 851 1157 usur-

133 1173 218 1207 pata.

175 1211 253 1241 ibid.
271 1222 300 1242 v.
315 1215 346 1243 9.
361 1211 522 1253 οἰκοπέδων]
553 1211 702 1243 Οἷιόπεδον
715 1216 766 1241 est
781 1222 851 1242 area

131 1253 255 1291 domus,
269 1254 332 1290 cui,
346 1255 374 1284 si
390 1255 441 1293 qui
459 1255 545 1291 velit,
561 1255 724 1285 aedifioium
741 1255 851 1285 inaedi-

132 1296 226 1327 ficare
242 1297 355 1337 possit.
399 1299 439 1327 In
453 1308 487 1328 re
507 1308 641 1328 venerea
664 1309 778 1338 corpus
802 1303 850 1328 est

131 1341 267 1379 patiens.
311 1340 482 1371 AEdificare
501 1341 555 1380 qui
575 1341 664 1377 velit,
687 1341 797 1372 humus
821 1342 849 1372 ei

133 1383 311 1414 effodienda
330 1388 362 1414 et
384 1385 539 1424 egerenda
560 1390 618 1421 est,
635 1390 670 1414 ut
692 1385 781 1415 locus
806 1385 849 1414 sit

131 1426 331 1458 fundamento
364 1428 521 1466 ponendo.
565 1429 656 1457 Patet
685 1430 748 1467 jam
778 1429 848 1457 fons

131 1470 292 1510 nequioris
306 1471 505 1510 metaphorae.
543 1471 600 1500 Vir
614 1471 779 1510 aliquando
795 1472 848 1500 be-

133 1512 272 1553 nignior,
302 1514 394 1544 uxori
416 1514 639 1544 consuetudine
670 1524 740 1544 cum
772 1514 848 1543 viris

131 1555 276 1587 familiari
300 1557 384 1588 haud
414 1556 617 1593 interdicens,
647 1564 715 1586 cur‘
732 1557 849 1587 faceret

133 1599 353 1639 interrogatus,
369 1611 471 1640 aequo,
495 1601 550 1636 ait,
570 1601 670 1630 animo
688 1600 850 1640 indulgere

134 1644 228 1673 uxori
257 1654 351 1683 posse
379 1643 508 1683 paulum
539 1643 738 1681 lascivienti3
773 1644 850 1674 nihil

133 1686 207 1717 inde
221 1687 324 1718 damni
339 1687 493 1726 accipere.
535 1687 680 1717 Fundam
695 1692 796 1716 tamen
809 1688 852 1717 si-

133 1730 166 1760 bi
187 1740 363 1769 superesse.
405 1729 556 1761 Altemaht
581 1731 670 1760 bteibt
693 1732 752 1760 mir
776 1729 851 1760 doch

82 1788 85 1790 >
133 1773 209 1804 noch
225 1773 338 1804 Grnnd
354 1774 418 1804 und
439 1773 538 1804 Boden
552 1774 650 1814 iibrig.

177 1816 256 1847 ibid.
275 1828 306 1847 V.
325 1820 377 1848 17.
403 1817 485 1858 ὑμῖν]
525 1817 642 1846 Melius
668 1820 746 1855 puto
773 1816 851 1855 ἦμῖν,

134 1860 217 1900 quod
230 1860 322 1890 estin
338 1859 414 1890 edit.
428 1859 553 1890 Wolfii.

177 1902 205 1942 ᾗ.
221 1902 269 1943 ιζ’.
285 1914 316 1943 p.
331 1905 386 1934 42.
401 1914 432 1933 v.
443 1907 475 1933 4.
493 1900 677 1943 Δημοφίλου]
711 1901 760 1931 De
788 1902 852 1931 De-

134 1947 273 1986 mophilo
288 1947 366 1977 nihil
380 1946 505 1985 quidem
518 1947 688 1986 praecessit,
701 1945 851 1975 credibile

134 1994 236 2020 tamen
252 1995 300 2020 est
315 2000 352 2020 eo
365 1995 489 2020 auctore
505 1989 605 2024 illum,
620 1991 660 2019 de
678 1999 739 2028 quo
756 1999 852 2027 supra

135 2033 442 2069 commemorabatur,
458 2033 569 2073 populi
580 2042 741 2063 recensum
753 2032 850 2062 fuisse

135 2076 286 2107 habitum.

177 2119 255 2149 ibid.
273 2129 304 2150 v.
322 2122 354 2152 8.
376 2117 586 2160 Νικόστςατος]
617 2118 693 2148 Scil.
713 2117 851 2148 αἰτιᾶται

136 2160 205 2193 εἶναί
219 2173 308 2197 τινας.

177 2206 256 2237 ibid.
280 2216 312 2236 v.
327 2210 469 2245 antepen.
492 2203 660 2246 ἐτράποντο]
681 2203 746 2239 Illi,
772 2213 851 2242 quos

135 2248 343 2289 Demophilus
363 2254 396 2280 et
421 2249 620 2280 Nicostratus
653 2246 851 2287 largitionum

134 2302 206 2323 reos
221 2297 360 2332 agerent.

176 2346 208 2376 p.
223 2338 277 2367 43.
291 2347 322 2366 v.
331 2339 363 2367 7.
377 2335 510 2366 τοιαύτην
522 2333 686 2374 ἀπόδειξιν]
699 2334 772 2363 Hoc
783 2336 849 2362 nte-

134 2383 220 2410 retur
234 2380 327 2410 modo
341 2389 447 2409 verum
463 2377 697 2409 demonstrandi
711 2382 744 2406 et
759 2386 849 2415 argu-

135 2422 218 2459 endi,
235 2427 270 2453 ut
281 2433 363 2458 reos,
379 2422 463 2463 ipsos
484 2432 552 2452 sese
567 2421 738 2450 indicantes
758 2424 790 2449 et
804 2420 850 2449 fa·

134 2471 218 2495 ctum
233 2466 414 2496 coufitentes
431 2465 629 2505 produceret,
643 2464 757 2493 crimen
774 2468 850 2502 puta

131 2509 244 2547 judicii
259 2508 424 2550 largitione
438 2507 587 2547 corrupti.

178 2553 255 2582 ibid.
271 2564 302 2584 v.
327 2555 379 2582 12.
401 2550 582 2591 ὑπενεγκεῖν]
615 2550 723 2580 Lectio
744 2548 850 2589 ἀμύνε-

136 2594 211 2625 σθαι
225 2606 287 2626 non
301 2596 427 2626 videtur
439 2595 674 2629 contemnenda,
690 2594 777 2632 cujus
791 2603 850 2632 ego

135 2639 260 2678 quidem
285 2639 435 2670 scholium
451 2639 606 2678 vulgatam
627 2638 765 2667 habeam.
794 2637 850 2665 Se-

137 2682 222 2712 nium
243 2686 274 2712 et
293 2688 461 2722 paupertas
483 2682 626 2712 hostibus
643 2680 850 2711 assimilantur

136 2725 281 2755 arcendis
297 2729 328 2755 et
341 2725 555 2765 profligandis.

179 2768 258 2798 ibid.
275 2778 307 2799 v.
321 2771 373 2799 14.
385 2766 463 2802 οὗτος
477 2768 522 2808 δὲ]
544 2768 622 2798 Scil.
645 2766 791 2808 ἐχρήσατο
814 2765 851 2807 τῇ

137 2811 276 2852 συμφορᾷ·
288 2810 398 2845 ταύτης
412 2813 463 2845 τῆς
477 2812 563 2845 δίκης.
603 2811 667 2842 Hic
683 2815 783 2840 autem
799 2809 851 2839 Ti-

137 2855 280 2885 marchus
302 2855 371 2890 boc,
387 2865 448 2894 quo
474 2865 553 2884 nunc
577 2854 740 2894 premitur,
757 2853 852 2883 infor-

138 2897 254 2928 tunium
271 2898 383 2937 judicii
405 2897 548 2937 capitalis
566 2898 633 2938 ipse
655 2897 716 2927 sibi
732 2896 854 2926 eonsci-

138 2940 196 2970 vit.

181 2983 258 3014 ibid.
273 2994 305 3014 v.
320 2985 372 3015 15.
386 2982 412 3016 'U
425 2985 508 3016 πόλει
523 2982 669 3024 ἐκκλήτῳ]
699 2982 856 3014 Sententia

1500 160 1609 208 331

1106 260 1237 290 Athenae
1260 258 1289 289 si
1314 265 1417 289 essent
1446 260 1609 300 oppidum,

892 303 1000 334 alienae
1016 302 1156 338 ditionis,
1173 302 1223 332 cui
1238 313 1365 333 necesse
1381 308 1463 333 esset
1484 304 1516 333 in
1538 305 1606 334 soro

891 347 1044 386 superiori
1061 352 1153 381 stare,
1175 349 1207 374 et
1229 356 1337 384 parere
1354 347 1524 376 evocationi
1541 358 1606 378 ma-

890 390 1085 430 gistratuum,
1102 390 1132 419 in
1149 399 1278 428 quorum
1295 394 1449 427 potestate
1467 394 1558 419 esset.

933 434 958 474 §.
975 434 1011 464 ιῆ.
1028 443 1059 472 p.
1077 435 1130 463 44.
1148 443 1178 462 v.
1193 434 1223 461 3.
1247 432 1324 466 εῖδᾶς
1343 432 1542 473 καταισχύνας
1558 446 1602 463 τι-

888 476 936 517 νὰ]
965 487 993 507 e.
1009 487 1035 507 c.
1052 476 1266 516 Hegesander.
1284 475 1324 510 δὲ,
1342 476 1422 513 quod
1445 477 1475 505 in
1495 477 1603 515 vulga-

888 520 928 548 tis
953 519 984 549 in
1013 520 1190 550 continente
1218 523 1291 558 post
1317 519 1376 547 hoc
1403 519 1601 558 participium

888 561 1119 605 [καταισχύνων]
1145 563 1329 600 insequitur,
1357 561 1506 590 arbitratu
1534 573 1602 591 meo

886 606 1008 636 sustuli.
1062 607 1169 637 Dictio
1200 605 1275 639 εἰδὼς
1312 604 1513 644 καταισχύνας
1541 608 1603 634 τινὰ

886 649 1040 688 significat
1069 650 1123 680 sibi
1152 651 1281 679 conscius
1310 648 1385 688 quod
1422 649 1604 687 stupraverit

881 693 1020 733 aliquem.

926 737 1002 766 ibid.
1019 746 1050 765 v.
1063 737 1094 766 5.
1109 733 1278 776 κξινὸμενος]
1307 745 1335 764 e.
1349 744 1376 763 c.
1394 733 1591 764 Timarchus.

926 779 1005 809 ibid.
1018 790 1049 809 v.
1064 783 1115 809 14.
1133 777 1283 814 λαθόντες,
1293 778 1342 807 καῖ
1359 776 1477 817 ἔξαξνοι]
1497 777 1602 806 Malim

883 822 1023 856 λαθόντες
1038 822 1138 863 ἔξαξνοι
1155 821 1300 861 γενόμενοι,
1317 821 1384 850 sine
1399 819 1457 849 καί.

927 866 954 906 ξ.
978 866 1029 896 aff.
1054 876 1086 904 p.
1110 868 1163 896 45.
1190 876 1218 895 v.
1239 868 1270 895 4.
1296 864 1408 905 αὐτοῖς]
1438 862 1602 894 Timarcho

883 914 969 949 puta,
984 914 1015 939 et
1031 909 1247 948 Hegeswdro,
1265 914 1295 938 et
1312 907 1457 947 Crobylo‚
1475 913 1507 937 et
1522 906 1604 936 Mis-

885 953 975 992 golae,
999 953 1180 991 caeterisque
1207 961 1314 981 eorum
1341 951 1488 992 fratribus
1511 954 1603 989 atque

886 996 1057 1032 sodalibus,
1072 995 1183 1035 flagitii
1199 995 1389 1024 conscientia
1402 994 1482 1022 inter
1499 1004 1531 1023 se
1548 993 1602 1022 ob-

886 1039 1015 1070 strictis.
1041 1041 1077 1069 V.
1101 1050 1134 1079 p.
1151 1040 1204 1069 43.
1230 1049 1259 1069 v.
1278 1038 1335 1067 ult.
1381 1038 1478 1066 Notat
1501 1042 1603 1066 autem

885 1083 1140 1114 Demosthenem.
1161 1081 1201 1112 V.
1216 1091 1248 1121 p.
1266 1083 1319 1112 53.
1337 1092 1367 1110 ν.
1385 1082 1436 1110 13.
1460 1083 1492 1110 et
1507 1091 1537 1110 r.
1549 1081 1603 1110 26.

927 1127 1005 1156 ibid.
1021 1138 1054 1157 v.
1069 1130 1122 1156 11.
1144 1124 1340 1165 wewc'gveuzs]
1368 1123 1477 1154 Maliin
1493 1123 1605 1163 ’τι-πεπόρ-

884 1180 989 1200 νευται.
1012 1170 1099 1200 Solet
1113 1168 1192 1199 enirn
1206 1169 1322 1198 Noster
1332 1168 1363 1197 in
1374 1166 1500 1206 passivo
1515 1177 1606 1196 usur-

884 1222 958 1251 pare
975 1213 1014 1242 de
1037 1223 1086 1249 eo,
1103 1212 1128 1241 si
1153 1211 1205 1250 qui
1227 1221 1359 1250 corpore
1379 1221 1435 1240 suo
1453 1215 1604 1249 quaestum

883 1256 994 1285 fecerit
1008 1254 1226 1286 meretricium.

926 1299 1004 1329 ibid.
1021 1310 1053 1329 v.
1069 1301 1122 1329 21.
1136 1295 1314 1336 ἐπέταττεν]
1339 1296 1440 1335 Supra
1456 1308 1485 1336 p.
1503 1297 1557 1326 36.
1575 1306 1606 1325 v.

885 1342 940 1372 ult.
967 1342 1103 1372 dictione
1129 1342 1186 1371 hac
1209 1339 1412 1379 ἐπιτάγματα
1434 1338 1606 1369 ἐπιτάττειν

885 1395 959 1415 usus
979 1386 1079 1416 fuerat
1094 1385 1134 1414 de
1149 1384 1268 1414 cinaedo
1283 1394 1300 1413 a
1317 1387 1420 1413 scorto
1443 1393 1500 1413 suo
1523 1383 1606 1412 foeda

883 1433 915 1457 et
931 1428 1055 1468 indigna
1072 1428 1228 1466 exigente.
1245 1427 1357 1456 Paullo
1373 1432 1445 1465 post
1459 1437 1490 1465 p.
1501 1427 1554 1456 38.
1571 1436 1603 1455 v.

885 1472 937 1500 19.
951 1472 990 1501 de
1006 1476 1108 1501 scorto
1124 1470 1280 1510 flagitante
1295 1480 1314 1498 a
1326 1469 1514 1499 conductore
1527 1479 1605 1498 mer-

883 1515 990 1544 cedem
1007 1515 1054 1544 sui
1071 1514 1210 1553 corporis
1228 1523 1396 1543 enormem.
1410 1512 1459 1541 bic
1469 1512 1604 1550 denique

885 1563 1011 1598 usurpat
1032 1558 1070 1588 de
1090 1556 1256 1587 insatiabili
1273 1557 1466 1595 voluptatum
1484 1554 1605 1594 cupidi-

884 1606 957 1637 tate,
974 1612 1058 1631 saeva
1078 1601 1155 1636 illis,
1171 1600 1284 1640 quihus
1303 1599 1491 1634 dominatur,
1506 1598 1606 1639 impe-

884 1650 981 1674 rante.

927 1688 1004 1717 ibid.
1020 1685 1069 1716 καὶ
1084 1684 1259 1727 ἀπεφέρετο]
1276 1685 1373 1715 Wolf
1384 1684 1533 1714 arbitratu
1548 1694 1604 1714 suo

885 1730 994 1766 edidit,
1020 1730 1103 1769 quod
1128 1729 1243 1768 Taylor
1267 1729 1416 1764 reddidit,
1440 1728 1489 1757 καὶ
1515 1726 1606 1767 μηδὲν

885 1772 1053 1814 ἀπεφὲξετο.
1074 1773 1167 1810 Quod
1179 1772 1292 1802 factum
1306 1772 1387 1801 haud
1404 1772 1513 1810 probo.
1529 1773 1605 1800 Sen-

885 1817 982 1846 tentia
995 1816 1117 1846 videtur
1132 1817 1197 1846 haec
1211 1826 1296 1845 esse:
1314 1819 1345 1844 et
1360 1825 1428 1844 cum
1446 1814 1604 1853 ingenium

884 1860 964 1898 ejus,
985 1865 1095 1890 natura
1115 1859 1290 1898 improbum
1315 1862 1346 1887 et
1368 1858 1534 1896 impurum,
1550 1858 1606 1886 de-

884 1903 1016 1934 ferretur
1032 1904 1070 1933 ad
1089 1902 1295 1943 appetendum
1312 1911 1359 1937 ea,
1375 1901 1487 1940 quibus
1503 1900 1606 1939 qnoti-

884 1946 977 1976 diano
991 1957 1051 1976 usu
1065 1947 1266 1977 insuevisset.
1282 1943 1482 1985 ἀποφὲςεο-ὃαι
1498 1944 1605 1973 dicun-

884 1994 935 2019 tur
956 1990 1013 2026 illi,
1030 1990 1057 2020 si
1080 1989 1146 2029 qui,
1162 1989 1212 2019 vel
1238 1988 1341 2024 inviti,
1365 1998 1383 2017 a
1400 1987 1433 2017 vi
1456 1987 1605 2016 torrentis

885 2032 1072 2063 aufferantur
1087 2038 1119 2063 et
1138 2032 1298 2063 illidantur
1320 2031 1352 2060 in
1376 2031 1536 2070 scopulos,
1553 2035 1606 2060 aut

884 2075 1062 2106 hauriantur
1084 2087 1103 2105 a
1129 2075 1339 2114 voraginibuS.
1387 2073 1452 2103 Hic
1476 2074 1604 2103 verbnm

884 2124 1052 2158 usurpatur
1063 2117 1273 2158 metaphorice
1290 2117 1328 2145 de
1344 2116 1420 2151 illis,
1435 2116 1488 2155 qui
1509 2117 1605 2146 scele-

883 2172 952 2192 rum
970 2167 1002 2192 et
1017 2162 1205 2202 flagitiorum
1223 2160 1465 2189 exercendorum
1483 2159 1606 2189 dintur-

884 2205 981 2235 nitate
996 2206 1040 2236 ita
1054 2206 1115 2235 sint
1129 2204 1168 2234 iis
1184 2203 1260 2234 facti
1275 2202 1415 2238 obnoxii,
1430 2203 1536 2241 itaque
1550 2203 1604 2232 de-

884 2249 1025 2285 mentati,
1042 2254 1087 2284 ut,
1103 2247 1226 2278 tametsi
1241 2247 1321 2276 bona
1333 2246 1393 2275 fide
1407 2246 1606 2275 decreverint

887 2292 999 2322 durum
1020 2293 1080 2322 hoc
1099 2291 1209 2333 jugum
1232 2295 1392 2326 excutere,
1408 2289 1541 2318 vinculis
1558 2294 1606 2319 ta-

884 2346 954 2366 men
971 2346 1077 2366 eorum
1089 2340 1151 2365 tam
1166 2333 1302 2364 robustis
1315 2337 1479 2367 vetustate,
1496 2337 1527 2362 et
1542 2338 1604 2361 tam

884 2384 968 2409 arcte
995 2379 1138 2410 adductis
1166 2377 1314 2417 expedire
1345 2386 1413 2406 sese
1440 2381 1605 2414 nequeant,

885 2423 940 2452 sed
961 2423 998 2452 ad
1021 2433 1057 2452 ea
1078 2421 1295 2456 continuanda,
1313 2419 1362 2449 vel
1386 2419 1474 2448 inviti
1502 2425 1532 2447 et
1556 2429 1605 2447 re-

883 2471 1067 2506 pugnantes,
1086 2464 1264 2504 praecipites
1289 2468 1321 2493 et
1342 2461 1490 2492 occoecati
1509 2462 1605 2490 aufre-

884 2516 1000 2539 rautur.
1044 2508 1131 2539 Alias
1149 2508 1229 2537 solet
1248 2507 1280 2536 in
1297 2506 1390 2535 simili
1413 2516 1447 2535 re
1469 2504 1605 2544 καταφέ-

885 2552 988 2592 ρεσθαι
1005 2550 1157 2591 usurpari.

928 2595 1004 2625 ibid.
1027 2606 1059 2625 v.
1083 2595 1140 2624 ult.
1162 2591 1315 2632 κατέπιεν]
1350 2590 1521 2629 Significat,
1544 2600 1603 2619 non

885 2638 1074 2673 bucellatim,
1088 2638 1231 2676 lenteque
1243 2646 1261 2665 a
1275 2634 1441 2664 Timarcho
1457 2635 1536 2662 bona
1552 2643 1604 2671 pa-

886 2683 944 2713 tria
966 2681 1118 2722 deglutita
1144 2690 1226 2716 esse,
1251 2678 1306 2708 sed
1333 2678 1394 2707 cito
1423 2681 1454 2705 et
1479 2677 1604 2715 raptim,

886 2726 973 2756 velut
988 2735 1048 2755 uno
1060 2723 1222 2764 repentino
1236 2722 1360 2756 haustu,
1375 2724 1479 2750 ventre
1493 2729 1604 2749 mersa.

886 2769 973 2799 Solet
996 2769 1071 2798 alias
1094 2766 1260 2797 καταπίνειν
1277 2774 1335 2794 non
1361 2763 1399 2793 de
1421 2763 1605 2802 potulentis,

887 2813 942 2842 sed
957 2812 996 2842 de
1013 2810 1178 2841 esculentis
1195 2808 1292 2848 magis
1309 2806 1460 2846 usurpari.
1489 2806 1607 2835 Volens

885 2855 990 2895 itaque
1001 2854 1172 2894 significare
1183 2850 1396 2892 patrimonium
1407 2849 1607 2885 aTimarcho,

888 2909 947 2928 non
959 2898 1095 2928 vorando
1108 2897 1210 2931 modo,
1219 2895 1273 2925 sed
1284 2894 1375 2924 etiam
1388 2893 1523 2933 potando
1536 2903 1606 2922 esse

889 2943 1075 2976 absumtum,
1089 2949 1216 2971 necesse
1232 2937 1293 2968 sibi
1305 2937 1461 2976 judicavit
1477 2946 1558 2971 esse,
1573 2940 1606 2965 ut

888 2984 1083 3017 insolentiam
1112 2989 1142 3014 et
1171 2981 1423 3023 peregrinitatem
1449 2979 1607 3020 signifiea-

892 259 960 291 haec
993 263 1054 290 est.
