1899 3322
677 194 1035 239 AESCHINEAE.

165 310 227 336 tem
237 315 323 336 suam
335 310 367 335 et
378 304 642 336 commiseratione
653 314 832 344 permovere

164 349 281 379 studet.
294 351 347 384 83,
363 351 415 379 42.
439 350 491 383 84,
509 349 539 378 6.

119 391 258 422 'dm-um
246 391 272 431 ς]
295 393 351 426 τὰς
365 390 532 426 ἐπιστολὰς,
553 391 587 424 ἃς
606 388 787 430 ἐξηςτημένος
801 389 833 419 ἐκ

163 436 219 464 τῶν
232 434 376 464 δακτύλων
388 434 522 486 περιῄεις-ζ
531 436 549 462 7
553 436 585 468 7
600 437 651 462 11.

119 476 290 516 δανείζεσθαι
305 479 353 508 τὴν
365 479 439 517 μνᾶν
453 475 499 507 ἐπ’
513 475 585 506 ἐννέα
598 474 714 511 ὄέολοῖς,
736 486 831 506 nov-e

160 521 209 550 nis
220 521 253 550 in
268 520 383 550 minam
395 520 494 550 obolis
509 529 567 560 pro
579 518 710 550 foenore
703 529 734 549 m
744 529 830 550 men—

159 573 235 599 sem,
250 574 321 594 cum
341 563 407 594 seni
423 563 498 596 alias
514 567 619 593 essent
640 567 755 592 statum
775 563 830 593 foe-

162 616 233 637 nus.
258 606 379 642 15,16.

115 647 268 688 δάνεισμα,
284 649 417 690 pecunia
429 648 540 679 foenori
551 647 782 684 elocata.15,5

114 689 240 733 δαπάνη]
262 692 393 724 ἀπειπεῖν
409 703 445 733 τῃ
467 692 586 733 δαπάνῃ,
609 701 672 720 non
695 691 829 732 amplius

156 744 249 774 posse
258 741 392 766 sumtum
408 734 637 769 facere.8,16.
661 735 716 767 τὰς
733 735 828 766 δαπά-

155 788 204 811 νας
216 777 323 808 τούτων
336 778 513 817 τεθεώρηκεν,
528 778 618 812 vidit,
640 788 731 818 quam
759 778 827 808 infi-

155 820 237 851 nitas
252 822 399 861 pecunias
416 821 608 862 profundant
627 820 659 850 in
683 831 827 851 coemen-

155 863 204 894 dis
218 865 369 904 cupediis.
386 867 418 900 9,
433 867 486 896 42.
511 864 649 897 δαπάναις
675 865 742 898 ταῖς
762 862 827 894 καθ’

152 904 258 948 ἡμέραν
287 907 446 938 ἀναλίσκειν
472 909 528 941 τὰς
556 905 693 948 πατρῴας
721 905 824 942 οὐσίας.

155 952 210 986 27,
223 952 275 981 26.
297 950 414 991 χορηγὸν
426 952 494 984 ταῖς
511 949 583 980 καθ’
604 949 708 990 ἡμέραν
722 950 825 980 δαπά-

153 1002 212 1028 ναις
226 992 274 1023 τὸν
287 994 412 1034 πόλεμον
425 992 578 1025 ποιεῖσθαι.
593 996 646 1029 38,
662 995 714 1024 30.
737 992 826 1023 ἀσέλ-

153 1045 219 1074 γεια
236 1037 288 1069 τῆς
310 1037 443 1072 δαπάνης.
464 1039 519 1072 78,
542 1039 572 1068 5.
604 1038 646 1066 νῦν
666 1036 765 1076 μέντοι
792 1035 825 1066 τὸ

149 1077 299 1111 Βασιλικὲν
314 1079 429 1120 χρυσίον
450 1081 499 1111 τὴν
514 1080 637 1110 δαπάνην
653 1080 740 1110 αὐτοῦ
761 1079 823 1110 ἐπι-

149 1120 292 1154 κέκλυιιεν.
308 1125 362 1158 78,
379 1126 431 1154 29.
453 1123 574 1158 δαπάνη,
596 1123 761 1163 propensio
783 1124 823 1153 ad

150 1165 405 1206 prodigalitatem
425 1171 456 1196 et
480 1167 734 1197 sumtuositatem.
756 1167 823 1195 ἀνα-

151 1207 326 1249 γκαζόμενος
339 1208 394 1240 ὑπὸ
414 1211 465 1243 τῆς
483 1207 510 1238 ἐν
528 1208 566 1250 τῇ
579 1208 662 1248 φύσει
686 1209 820 1244 δαπάνης.

152 1252 208 1287 85,
223 1254 254 1280 8.

107 1291 214 1333 δέησις]
239 1291 328 1324 δέησιν
343 1292 413 1333 ἐμοῦ
431 1295 496 1325 τινα
511 1294 631 1335 ἶσχυρὰν
652 1292 754 1329 ἐδεήθη,
773 1305 821 1324 me

148 1337 244 1366 etiam
256 1341 350 1377 atque
361 1337 454 1367 etiam
464 1338 601 1377 rogabat.
617 1339 671 1372 33,
686 1339 724 1366 41
733 1358 740 1366 .
762 1338 820 1367 δεή-

147 1389 208 1413 σεις
221 1381 303 1410 κατὰ
317 1381 368 1410 τὴν
380 1381 493 1419 ἆγοςιὶν,
508 1390 627 1420 preces,
643 1379 756 1421 quibus
768 1380 820 1421 ju-

148 1423 253 1452 dicum
272 1423 366 1452 animi
391 1429 640 1463 corrumpuntur,
663 1433 819 1464 occupan-

145 1470 205 1501 tur,
221 1470 255 1496 et
269 1476 287 1496 a
302 1475 375 1496 vero
387 1465 605 1496 deflectuntur.
621 1467 675 1501 53,
692 1468 723 1496 2.

103 1507 192 1538 δείδειν
231 1507 372 1549 πόρῥωὲεν
383 1507 494 1538 δεδιέναι
509 1510 550 1539 τα
559 1509 640 1539 δεινά.
654 1511 709 1544 42,
725 1511 758 1540 7.
779 1512 819 1541 τὰ

146 1557 213 1582 Σπα
216 1562 281 1592 ρτης
295 1551 367 1582 δεινα
382 1550 503 1582 δεδιέναι.
519 1554 573 1587 45,
585 1554 637 1581 40.

98 1593 277 1635 δεικνύναι]”
258 1606 336 1626 ωστε
347 1596 390 1635 μὴ
406 1594 494 1634 δεῖξαι
510 1594 544 1624 τὸ
559 1606 611 1635 vrgo
601 1594 707 1625 ’σωπον
722 1596 819 1632 αὐτου,

143 1648 207 1678 quo
222 1648 349 1668 necesse
363 1638 422 1669 sibi
439 1648 479 1668 ne
501 1638 552 1674 sit,
576 1638 695 1668 vultum
720 1639 820 1675 vobis,

138 1681 275 1722 judiceS‚
300 1691 390 1712 suum
410 1682 585 1716 ostendere,
610 1681 680 1710 h.e.
706 1682 745 1711 ad
764 1692 818 1712 vos

144 1724 279 1765 prodire.
289 1727 321 1760 7,
332 1727 384 1755 19.
407 1723 547 1754 δέδεικται
559 1726 664 1764 φανερὰ
680 1723 745 1758 ὁδός.
768 1728 819 1760 13,

141 1768 174 1798 5.
197 1768 309 1807 σημεῖα
323 1768 444 1806 μεγάλα
458 1767 564 1798 τούτων
579 1768 646 1807 ὑμῖν
661 1767 748 1806 δείξω.
763 1771 816 1804 41,

140 1812 195 1842 35.
232 1812 343 1850 σημεῖα
368 1811 437 1852 ὑμῖν
457 1812 580 1851 μεγάλα
603 1809 685 1850 οἶμαι
713 1810 819 1851 δείξειν.

139 1855 196 1889 79,
214 1856 264 1885 13.

96 1897 230 1937 δειλαῒος]
254 1895 385 1930 ἐκκοπεὶς
398 1897 410 1926 ὅ
426 1896 545 1932 δειλαῖος
558 1895 737 1937 ἀμφοτέρους
751 1898 817 1932 τοὺς

141 1938 319 1980 ὀφθαλμούς.
344 1943 398 1976 24,
413 1942 468 1971 31.

95 1980 200 2023 δειλία]
213 1984 353 2024 προοίμιον
365 1981 500 2014 σκοτεινόν
513 1981 561 2012 καὶ
576 1981 703 2016 τεθνηκός
716 1983 814 2023 δειλία.

139 2027 195 2062 32,
210 2029 263 2057 41.
282 2025 472 2061 βουλεύεσθαι
490 2027 571 2065 μετὰ
592 2024 695 2060 δειλίας
708 2027 756 2056 καὶ
769 2027 817 2067 ζη-

139 2067 290 2106 λοτυπίας.
312 2070 366 2105 65,
392 2070 443 2100 15.
470 2071 521 2100 16.
555 2069 691 2109 ῥητοξικῆν
712 2070 815 2100 δειλίαν

141 2111 276 2152 δημόσιος
284 2112 374 2154 καιρὸς
382 2113 431 2143 οὒκ
444 2111 585 2152 ἀναμένει.
594 2114 612 2141 7
617 2114 675 2148 7,7
679 2135 686 2142 .
711 2112 815 2147 δειλίας

140 2155 260 2196 γραφαί.
275 2159 331 2192 78,
346 2159 399 2187 42.

97 2197 162 2234 δεῖν,
184 2199 290 2239 ligare.
320 2199 454 2234 δήσαντες
474 2197 540 2238 πςός
563 2197 609 2229 τᾶν
635 2196 708 2228 κίονα
729 2198 814 2230 αὐτὸν

139 2241 328 2283 ἐμαστίγουν.
356 2245 386 2278 9,
403 2245 455 2272 11.
486 2240 512 2272 ἐν
536 2241 635 2276 πέδαις
661 2242 810 2282 δεδεμένον.

139 2287 194 2319 38,
210 2287 241 2316 9.

94 2327 188 2369 δεινὸς]
211 2327 278 2360 δεινῆ
292 2329 331 2363 εἷς
343 2326 378 2360 ‘rb
394 2329 521 2368 πςῖιγμα
548 2328 562 2358 ἦ
587 2327 674 2358 κακία
696 2328 745 2358 καὶ
767 2329 811 2359 εὖ·

139 2370 258 2402 πιστία.
275 2375 306 2408 9,
323 2376 351 2402 1.
382 2369 563 2401 ἀπαιδευσία
587 2371 664 2402 δεινή.
688 2374 742 2407 18,
758 2374 810 2403 36.

138 2415 175 2448 ὡς
189 2414 268 2449 δεινὸς
284 2414 333 2444 καὶ
349 2414 499 2454 σύντομος,
514 2415 548 2444 ἰη
572 2414 718 2445 brevitate
735 2415 810 2446 vali-

139 2457 226 2493 dum,
241 2464 388 2493 torosum,
404 2457 589 2488 lacertosum
604 2468 681 2489 esse.
698 2460 810 2494 34,36.

137 2502 276 2539 συμπιεῖν
295 2500 382 2535 δεινός.
405 2503 458 2535 34,
474 2503 527 2531 42.
541 2505 574 2531 et
588 2504 642 2537 42,
661 2503 714 2532 39.
747 2501 811 2543 πόρ’-

137 2542 218 2583 ῥοοθεν
234 2543 346 2575 δεδιέναι
370 2545 411 2574 τα
434 2544 517 2574 δεινά.
534 2546 625 2581 42,7.
654 2544 734 2578 δεινὸς
751 2547 810 2579 τοῖς

134 2585 228 2624 λόγοις
250 2585 439 2628 Δημοσθένης.
466 2589 520 2624 43,
543 2589 574 2617 6.
611 2589 651 2618 τὰ
678 2588 810 2627 Σπάρτης

139 2629 209 2660 δεινὰ
226 2630 347 2660 δεδιέναι.
362 2631 416 2667 45,
433 2633 485 2662 40.
517 2629 693 2671 πςοορῖισθαι
708 2631 751 2669 τῷ
761 2631 808 2660 λό-

135 2683 178 2711 γῳ
192 2675 233 2703 τὰ
247 2673 327 2704 δεινά.
344 2675 398 2709 52,
414 2677 443 2703 1.
476 2675 544 2708 πῶς
561 2673 589 2703 οὐ
607 2673 684 2703 δεινὸν
706 2673 807 2715 ἐχθςοῦ

136 2715 286 2754 πρόσωπον
309 2716 426 2749 Βλέπειν
452 2715 671 2755 ἐπεγγελῶντος.
688 2719 806 2753 52,28.

134 2757 228 2789 ἐπειδὴ
243 2759 276 2789 τὸ
290 2758 367 2789 δεινδν
379 2759 488 2791 ἥπτετο
502 2760 603 2790 αὐτῶν.
619 2762 673 2797 73,
687 2762 738 2791 30.
760 2760 806 2791 δη-

134 2800 265 2842 μιουργός
278 2801 356 2837 δεινὸς
370 2801 466 2840 λόγων.
490 2805 542 2840 84,
558 2806 610 2835 37.

93 2843 195 2886 δεινῶς]
234 2844 320 2876 τόπον
345 2846 431 2879 δεινῶς
460 2844 665 2886 ἐξηγριωμένον.
685 2849 804 2883 14,11.

134 2887 308 2929 ἀσχημονεῖν
322 2889 419 2923 δεινῶς.
434 2890 488 2924 33,
504 2892 556 2920 22.

90 2928 218 2972 δειπνεῖν]
250 2931 357 2962 δεῖπνα
376 2933 521 2962 πολυτελη
541 2932 651 2963 δειπνῶν
671 2932 805 2973 ἀσύμΒο·

134 2979 190 3008 λος.
214 2977 268 3010 11,
279 2978 331 3006 13

90 3015 207 3058 δεῖπνον]
227 3016 400 3059 ὂψοφαγίαις
419 3030 467 3049 και
491 3018 673 3054 πολυτελίαις
695 3019 804 3051 &eima-a

1533 194 1584 236 19

910 301 1050 333 δουλεύειν.
1068 303 1099 335 6,
1118 303 1170 332 33.
1204 302 1299 332 δεῖπνα
1316 302 1460 332 πολυτελῆ
1475 300 1586 330 δειπνῶν

910 344 1089 385 ἀσύμβολος.
1111 347 1162 379 11,
1181 348 1231 376 13.
1261 344 1385 375 καλέσαι
1409 343 1457 374 ἐπὶ
1480 343 1583 374 δεῖπνον

909 389 947 422 εἲς
961 388 1128 428 πρυτανεῖον.
1141 389 1194 423 34,
1207 389 1258 417 13.

866 430 990 472 δεῖσθαι]
1013 430 1103 461 δέησιν
1115 429 1186 470 ἐμοῦ
1196 433 1258 460 τινα
1275 431 1395 472 ἰσχυρὰν
1410 428 1520 464 ἐδεήθη,
1532 439 1581 458 me

909 475 1002 505 etiam
1018 480 1110 515 atque
1126 473 1220 504 etiam
1236 475 1375 514 rogabat.
1391 474 1444 509 33,
1458 476 1511 503 41.

866 518 997 552 δεκαετὴς
1011 516 1150 557 πόλεμος.
1165 518 1218 552 45,
1235 519 1286 547 24.

865 559 996 599 δεκάζειν,
1013 560 1190 591 muneribus
1205 569 1408 600 corrumpere.
1424 561 1477 592 12,
1488 560 1541 589 30.

865 603 1088 643 δεκατάλαντος]
1113 603 1340 636 δεκαταλάντους
1364 600 1442 636 δίκας
1457 600 1578 641 λαγχά-

906 657 962 676 νων.
985 649 1107 683 41,1.3.

863 688 994 729 δέκατος]
1012 689 1128 724 εὐθύνας
1140 689 1241 729 δίδωμι
1255 687 1348 729 μόνος,
1364 685 1480 719 δέκατος
1496 683 1579 715 αὐτὸν

905 733 1105 772 ’ω’ξεσβεύσας.
1118 735 1172 768 52,
1190 736 1242 762 11.
1270 745 1284 763 η
1308 731 1383 771 φυλη
1408 728 1442 759 τὸ
1464 727 1579 758 δέκατον

904 775 987 814 μέρος
999 776 1051 810 τῆς
1065 775 1191 809 πόλεως.
1206 779 1260 811 54,
1275 777 1327 804 17.

862 817 953 858 δεξια]
977 818 1140 857 ἐμβάλλειν
1156 820 1205 850 τῆν
1220 818 1319 858 δεξιάν.
1336 819 1390 852 85,
1405 818 1459 847 40.

861 861 1032 903 δεξιοῦσθαι]
1045 861 1212 902 δεξιούμενος
1221 863 1333 896 πάντας
1344 859 1391 890 καὶ
1401 858 1574 899 προσ-γελῶν.

860 947 1061 989 δεσμωτήριον]
1090 947 1251 979 ἀκολουθεῖν
1265 947 1304 981 εἷς
1323 945 1356 976 τὸ
1376 944 1576 985 δεσμωτήριον.

902 993 935 1026 7,
947 995 977 1022 2.
1000 993 1124 1030 ἀπάγειν
1138 991 1176 1026 εἷς
1190 991 1224 1020 τὸ
1239 989 1434 1041 δεσμωτήριον.
1450 990 1540 1023 75,2
1545 1008 1552 1016 -

859 1033 1024 1069 δεσπότης
1011 1036 1143 1066 απάντων
1160 1034 1320 1075 ἀνθρώπων
1336 1031 1388 1073 ἀφ’
1403 1030 1478 1063 ηλίου
1493 1029 1573 1060 ἀνιόν-

900 1089 948 1113 τος
959 1078 1049 1119 μέχρι
1064 1076 1203 1117 δυομένου.
1221 1093 1229 1108 ι
1218 1081 1273 1114 72,
1290 1079 1341 1108 27.

859 1120 941 1162 δευρι]
966 1121 1267 1162 συμωρεσβεύσαντός
1287 1132 1339 1159 μοι
1358 1118 1424 1160 δευρι
1446 1115 1504 1148 ἀπο
1523 1116 1573 1146 τοῦ

901 1176 1051 1205 στρατοπε
1040 1165 1108 1194 έ.δου
1123 1167 1178 1200 50,
1194 1164 1313 1205 penult.

857 1206 944 1247 δεῦρο]
968 1208 1121 1239 καταπλει
1143 1209 1217 1248 δευρο
1244 1206 1276 1246 εξ
1294 1203 1519 1236 Ἓλλησποντου.
1539 1206 1571 1239 8,

899 1252 952 1281 34,
976 1249 1042 1279 ὅταν
1057 1249 1142 1284 αὐτὸς
1157 1250 1288 1291 παρέλθῃ
1305 1249 1386 1290 δευρο.
1403 1250 1457 1284 24,
1473 1250 1526 1279 39-

855 1291 988 1334 δεύτερον]
1012 1292 1116 1324 ἔπειτα
1131 1293 1261 1334 δεύτερον,
1287 1298 1353 1322 tum
1374 1292 1512 1321 secundo
1527 1290 1571 1321 lo-

898 1346 946 1365 co.
970 1339 1001 1371 2,
1024 1340 1054 1366 1.
1075 1339 1104 1367 6.
1136 1335 1271 1378 έγχειται
1294 1334 1327 1366 τὸ
1350 1335 1471 1374 δεύτερον
1493 1332 1569 1374 Ξδωρ.

898 1381 1018 1414 82,14.

853 1420 1010 1463 δέχεσθαι]
1035 1421 1124 1451 ταῦτ’
1144 1421 1201 1460 ἐγὼ
1220 1421 1294 1461 λόγῳ
1313 1420 1394 1461 μόνον
1422 1423 1523 1460 σαφῶς
1547 1431 1574 1450 εν

897 1465 965 1504 ὗμιν
977 1465 1059 1495 εἰπὼν
1074 1477 1122 1495 ουκ
1137 1465 1169 1495 ἂν
1184 1464 1322 1504 ἐδεξάμην
1337 1463 1394 1505 ζῇν,
1410 1464 1505 1494 nolim
1526 1463 1572 1493 vi-

897 1518 979 1542 vere,
996 1508 1174 1549 (repudiem
1195 1508 1330 1538 oblatam
1351 1507 1480 1537 vivendi
1495 1517 1570 1537 con·

897 1551 1045 1582 ditionem
1070 1553 1220 1593 accipere,
1243 1552 1274 1580 h.
1301 1562 1329 1581 e.
1354 1551 1432 1580 mori
1450 1548 1570 1589 malim)

897 1594 922 1623 si
937 1595 1003 1625 haec
1020 1595 1177 1625 dixissem.
1195 1597 1225 1629 8,
1240 1597 1291 1625 32.
1315 1592 1467 1634 πρόκλησιν
1482 1594 1510 1623 οὐ
1526 1592 1569 1623 δέ-

895 1647 997 1678 χεται.
1010 1640 1065 1675 45,
1081 1642 1111 1670 6.
1136 1638 1215 1678 μητε
1230 1637 1356 1677 δέξαιντο
1371 1636 1410 1678 (οἳ
1428 1636 1503 1677 θεοι)
1518 1637 1567 1666 αὖ·

895 1682 956 1716 τοῖς
971 1693 1011 1711 τα
1027 1682 1093 1722 ἱερά.
1110 1683 1163 1716 69,
1176 1684 1226 1712 19.
1243 1683 1298 1716 70,
1316 1683 1367 1711 38.
1391 1691 1439 1710 ουκ
1459 1691 1490 1709 αν
1509 1678 1567 1710 ἐδε-

895 1722 990 1764 ξάμην
1002 1724 1061 1765 ζῇν,
1076 1727 1116 1755 τὰ
1131 1725 1209 1754 αὗτιὶ
1220 1724 1312 1763 τούτῳ
1328 1723 1569 1763 δημηγοξῆσας,ἐί

895 1768 1059 1799 conciones
1076 1768 1190 1798 similes
1206 1767 1287 1797 illins
1299 1767 1500 1797 concionibus
1510 1767 1565 1796 ha-

894 1810 1040 1848 buissem,
1055 1812 1148 1842 nolim
1164 1811 1278 1841 vivere.
1295 1812 1349 1844 85,
1362 1811 1391 1840 5.

850 1851 1026 1907 δημηγορεῖν]
1058 1855 1186 1895 αἰσχρῶς
1211 1852 1359 1887 Εεβιωκότι
1382 1854 1518 1892 πςοεῖωον
1544 1852 1566 1881 οἳ

891 1896 968 1936 νόμοι
983 1909 1026 1936 μη
1043 1898 1216 1937 δημηγορειν.
1236 1898 1339 1932 1,13.
1361 1896 1409 1926 οὐκ
1423 1908 1455 1925 αν
1469 1894 1566 1935 ἓδεξά·

890 1951 949 1979 μην
975 1939 1032 1982 ζην,
1060 1953 1100 1971 τα
1131 1952 1208 1970 αυτα
1236 1939 1330 1979 τούτῳ
1360 1939 1566 1979 δημηγορησας.

891 1983 945 2019 85,
959 1985 990 2013 5.

848 2025 1018 2068 δημηγοξία]
1034 2025 1153 2065 διαιξετῆ
1169 2023 1332 2065 δημηγορία.
1350 2026 1403 2061 36,
1418 2026 1470 2055 31.

847 2067 955 2107 δημιος,
977 2069 1128 2105 carnifex,
1150 2075 1254 2099 tortor.
1271 2071 1324 2104 44,
1338 2068 1394 2098 ult.

848 2111 1025 2164 δημιουργος]
1038 2110 1150 2146 οἰκέτας
1166 2112 1346 2151 δημιουξγους
1362 2113 1412 2144 τῆς
1424 2121 1562 2140 σκυτοτο-

890 2167 978 2194 μικης
990 2156 1102 2196 τέχνης.
1097 2159 1168 2191 .14,
1186 2159 1216 2186 1.
1233 2154 1394 2196 δημιουξγός
1416 2152 1495 2188 δεινος
1514 2152 1561 2182 λό-

889 2209 953 2236 γων.
970 2202 1023 2236 84,
1039 2201 1093 2230 37.

846 2241 1017 2282 δημοκῆξυξ]
1041 2241 1225 2282 δημοκηρυκες
1238 2240 1391 2276 Φαλαίκου,
1406 2240 1455 2270 τοῦ
1471 2238 1562 2269 Φωκέ-

889 2296 922 2314 ων
937 2287 1073 2325 τυςάννου.
1089 2288 1144 2321 45,
1161 2287 1212 2316 20.

844 2327 1099 2370 δημοκρατεῖσθαι]
1126 2327 1355 2369 προσάπτεσθαι
1379 2324 1466 2366 affigo,
1457 2337 1469 2348 ’-
1491 2325 1563 2355 ἰδιώ-

887 2383 949 2409 του,
965 2385 979 2403 η
996 2371 1171 2408 δυνάστου,
1160 2385 1174 2403 η
1191 2370 1306 2404 πόλεως
1326 2367 1560 2410 δημοκξατουμὲ-

887 2425 938 2449 νης
964 2418 1016 2452 69,
1029 2417 1082 2467 36.
1106 2417 1168 2456 ἀνηρ
1182 2417 1236 2456 γὰρ
1251 2413 1383 2448 {Mens
1373 2425 1400 2444 εν
1414 2412 1495 2443 πόλει
1516 2412 1561 2442 δη-

885 2458 1101 2501 μοκρατουμένη
1129 2457 1203 2499 νόμῳ
1224 2457 1273 2488 καὶ
1293 2456 1379 2497 ψηφῳ
1403 2455 1558 2488 Βασιλεύει.

843 2544 1034 2586 δημοκρατία]
1055 2555 1186 2585 τυξαννις,
1200 2541 1355 2583 ὀλιγαρχία
1376 2548 1407 2572 et
1423 2541 1562 2581 δημοκρα-

885 2587 946 2624 τία,
970 2589 1051 2619 inter
1077 2599 1109 2618 se
1141 2587 1303 2618 conserunt
1307 2597 1348 2615 ur.
1378 2589 1407 2620 1,
1434 2587 1484 2615 19.
1513 2595 1559 2625 sq.

883 2630 954 2665 δ’λως
976 2631 999 2661 δ’
1013 2631 1039 2662 ἐν
1055 2629 1229 2671 δημοκρατία
1249 2629 1283 2658 τὶ
1285 2641 1296 2658 ν
1317 2629 1355 2662 εἰς
1374 2628 1447 2657 ὁτιοῖ
1449 2640 1460 2658 ν
1484 2627 1560 2669 υΒρι-

884 2686 954 2705 στην
969 2687 1017 2705 ουκ
1031 2674 1184 2705 ἐπιτηδειον
1206 2675 1333 2711 ηγησατο
1348 2676 1414 2700 εἰναι
1435 2682 1561 2710 συμπνο-

882 2717 1058 2748 λιτεύεσθαι.
1073 2721 1104 2753 3,
1122 2720 1173 2749 24.
1196 2718 1256 2750 τοῖς
1273 2715 1421 2755 τξιάκοντα
1444 2726 1495 2748 της
1515 2714 1561 2745 δη-

881 2761 1041 2801 μοκξατίας
1064 2760 1228 2800 ἀφεμένους.
1247 2761 1300 2793 38,
1325 2761 1373 2787 14.
1397 2756 1562 2796 πολίτευμα

881 2803 1149 2844 ’τῆς-δημοκρατίας,
1165 2805 1281 2838 51,12.
1302 2799 1521 2841 δημοκξατίας“’
1508 2812 1563 2830 ονο-

881 2859 930 2885 μα
944 2848 974 2877 οὗ
989 2849 1049 2882 τοῖς
1063 2846 1173 2882 ηὲεσιν,
1184 2847 1264 2875 ἀλλὰ
1278 2857 1313 2874 τη
1325 2842 1458 2873 κολακεία
1473 2844 1559 2884 δεξα-

883 2890 1028 2924 ωεύοντες.
1045 2892 1098 2925 52,
1116 2893 1145 2920 4.
1171 2889 1300 2922 &emm
1310 2899 1344 2918 τη
1359 2888 1500 2918 πόλειτῆν
1516 2888 1560 2918 δη-

880 2931 1049 2973 μοκξατίαν.
1066 2935 1119 2967 54,
1133 2942 1204 2972 pen.
1221 2931 1300 2971 ἄρδην
1313 2929 1408 2961 ἔλαθεν
1419 2930 1560 2969 ὑφελόμε-

882 2987 921 3010 νος
934 2976 966 3006 τὸ
982 2975 1170 3015 Βουλευτηριον
1183 2975 1338 3016 (ordinem
1356 2974 1561 3015 senatorium)

880 3018 927 3049 καὶ
946 3021 994 3051 την
1010 3019 1207 3059 δημοκρατίαν.
1228 3020 1281 3053 74,
1300 3020 1350 3048 13.
1371 3017 1559 3058 &mongus-{av
