1916 3340
267 204 380 260 260
795 219 833 260 A
850 217 870 259 1
892 215 928 259 Σ
948 217 990 259 x
1009 215 1028 258 1
1047 218 1091 260 N
1110 217 1154 260 O
1173 217 1214 260 ‘r

266 327 556 398 κατήγαγεν,
584 329 696 385 ου’τω
736 356 801 386 νυν
839 332 1052 403 με’νοντας
1089 327 1330 397 ἓξελαυνειν
1366 356 1494 417 παρα
1529 357 1630 394 τους
1663 334 1728 388 νό-

264 428 376 475 μους
400 405 668 500 γραφοντοέ
672 431 732 459 τι.
782 405 915 459 Ἀλλ
935 405 983 458 ου’
1022 429 1106 470 νυν,
1143 404 1307 459 1α’λλοὶ
1345 431 1439 460 παν
1479 432 1728 462 τουναντιον

265 477 498 546 γίγνεται.
527 481 566 532 οἷ
569 480 690 573 ‹22024›
724 479 904 548 α’γαθοι
939 479 1191 557 στρατηγοὶ
1225 479 1372 551 2ι’)’μων
1402 482 1482 534 καὶ
1519 507 1605 534 των
1645 508 1732 544 τας

265 551 465 616 σιτήσεις
495 579 606 614 τινες
639 555 868 648 εὑρημενων
903 579 942 608 εν
970 580 1033 624 τῳ
1063 579 1310 650 πρυτανειῳ
1336 553 1636 622 ἔξαιτουνται
1645 558 1732 618 τοὶς

266 627 450 724 γραφαὶς
476 654 562 682 των
587 628 896 723 παρανόμων,
890 654 961 690 ους
978 632 1101 702 υμεῖς
1122 630 1407 700 α’χαρίστους
1424 636 1531 684 εἶναι
1554 629 1732 693 δικαίως

264 703 322 755 οἳν
342 703 737 775 ὑπολαμβανοιτε.
767 704 804 758 εἷ
827 704 917 779 ’γάρ
951 729 1021 764 τις
1053 703 1092 757 ἓν
1118 703 1402 799 δημοκρατίᾳ
1426 704 1731 777 τετιμημένος,

266 801 308 830 εν
342 778 524 850 τοιαύτῃ
558 782 717 843 πόλει,
742 779 791 842 ἣν
817 780 855 833 οἶ
880 777 976 832 θεοι
1003 802 1083 833 και
1118 779 1157 832 οἶ
1191 779 1309 853 νόμοι
1335 779 1545 854 σωζουσι,
1574 782 1734 852 τολμᾷ

265 852 438 915 βοηθεῖν
465 862 556 913 τοῖς
579 853 823 931 παράνομα
849 853 1088 931 γράφουσι,
1117 854 1340 909 καταλύει
1369 857 1448 919 τῆν
1473 855 1730 920 πολιτείαν,

265 926 341 991 ὖφ
362 951 412 989 ης
437 926 702 999 τετίμηται.

341 999 429 1067 ξς.
470 1002 543 1055 Τ
521 1028 560 1063 ις
586 1028 657 1058 ουν
675 1002 814 1059 αποδε
810 1001 996 1058 δεικται
1025 1003 1160 1071 λόγος
1186 1002 1303 1099 ανὸρι
1330 1002 1488 1073 δικαίῳ
1517 1028 1737 1075 συνηγορῳ

267 1099 347 1130 και
386 1075 650 1172 ⁰6ae<peovc;
675 1078 800 1147 Ἐγω
833 1078 968 1146 λέξω.
1035 1079 1115 1139 Εἷς
1153 1078 1260 1150 τρία
1271 1104 1402 1174 μερη
1444 1077 1738 1172 διαιρεῖται
1711 1106 1737 1143 η

267 1150 425 1238 ἦμὲρα,
459 1150 572 1205 ὅταν
612 1153 715 1226 ειςίῃ
748 1154 901 1248 «γραφη
909 1179 1210 1248 παρανομων
1245 1178 1305 1216 εις
1348 1180 1401 1209 το
1438 1152 1736 1224 δικαστήριον.

267 1235 486 1293 εγχεΐται
513 1252 604 1297 ’γαρ
630 1254 682 1282 το
717 1253 798 1301 μεν
836 1253 1008 1323 πρωτον
1039 1227 1148 1323 ὕδωρ
1181 1233 1247 1298 τῷ
1274 1228 1511 1324 κατηγόρῳ
1539 1254 1620 1283 και
1649 1254 1739 1289 τοις

268 1322 407 1372 νομοις
444 1326 526 1355 και
560 1328 617 1359 τη
662 1301 962 1381 δημοκρατία,
1004 1328 1056 1358 το
1098 1302 1142 1358 δὲ
1185 1303 1378 1383 δεύτερον
1415 1303 1521 1375 ὕδωρ
1560 1307 1626 1374 τῷ
1661 1326 1741 1366 την

1762 801 1812 836 10

358 1419 370 1439 ¹
383 1417 456 1449 ἀλλ’
467 1418 546 1451 ἅπαν
559 1419 634 1451 τοῦν.
649 1418 803 1460 γίνεταιΤ.
820 1421 863 1452 R.

1051 1420 1160 1460 ἳὺμων
1173 1421 1210 1451 Τ.
1222 1421 1266 1451 R.
1448 1421 1462 1442 ²
1475 1420 1604 1461 σῶφξονι,
1617 1420 1655 1450 Τ.

319 1512 519 1553 Τετιμημὲνος
537 1530 625 1537 —-——
644 1513 749 1554 ωὸλει]
788 1515 912 1544 Desunt
941 1514 989 1543 11ae

270 1561 404 1596 quatuor
418 1567 513 1587 voces
529 1557 559 1586 in
576 1557 685 1587 eodem
705 1557 882 1597 exemplari.
917 1557 989 1587 Nou

270 1604 358 1630 recte
379 1604 478 1630 tamen
503 1601 628 1636 absunt,
645 1601 719 1631 licet
737 1602 816 1631 bene
839 1601 990 1640 procede-

271 1647 322 1672 ret
343 1642 512 1678 Sententia,
530 1644 556 1673 si
579 1644 677 1683 adjuti
697 1644 790 1674 Msto
806 1644 990 1674 deleremus.

270 1687 335 1716 Pro
350 1685 467 1728 τοιαύτῃ
481 1687 549 1716 MS.
565 1687 671 1727 Stepli.
696 1687 742 1729 τῇ
763 1686 873 1729 αὐτῇ.
897 1687 989 1725 Quod

271 1729 369 1759 multo
385 1729 561 1769 acceptius:
580 1731 620 1760 Et
630 1731 677 1760 Tu
690 1730 822 1771 proinde
836 1731 879 1760 ita
894 1730 991 1769 leges.

271 1773 380 1802 IDEM.

315 1814 373 1853 25¹.
389 1813 615 1856 Ἀποδὲδειιιται]
632 1817 703 1847 Non
716 1816 806 1847 valde
823 1816 992 1846 condemno

275 1868 343 1887 eam
356 1858 535 1894 lectionem,
547 1858 622 1889 licet
637 1859 834 1894 insinceram,
848 1863 877 1888 et
890 1860 927 1888 ab
937 1859 992 1888 ΖΕ-

274 1901 393 1930 schinis
406 1911 496 1930 manu
509 1901 633 1931 minime
646 1903 826 1941 profectam.
861 1902 993 1941 Scripsit

273 1947 375 1973 tamen
400 1944 452 1973 ille
479 1944 771 1982 ἀπολέλειπται,
795 1950 828 1975 ut
848 1945 936 1975 locus
961 1950 994 1975 et

274 1986 354 2016 ratio
377 1987 526 2026 postulat.
557 1988 673 2018 Confer
695 1989 750 2019 lias
777 1998 869 2019 voces
891 1988 992 2019 literis

274 2030 454 2069 majusculis
469 2035 622 2068 exaratas,

491 2095 771 2120 ΑΠΟΔΕΔΕΙΚΤΑῙ

492 2138 786 2170 ΑΠΟΛΕΛΕΙΠΤΑῙ,

277 2203 310 2229 et
325 2200 514 2230 condonabis
530 2201 668 2237 librario,
685 2201 736 2240 qui
752 2201 801 2231 vel
819 2211 926 2231 somno
943 2200 993 2230 vel

275 2243 473 2273 festinatione
499 2243 578 2273 inter
602 2255 636 2273 se
661 2244 855 2284 permiscuit,
885 2243 993 2273 Simile

276 2286 343 2316 sere
369 2286 505 2317 occurrit
529 2288 671 2317 mendum
695 2289 777 2326 apud
806 2287 992 2317 Demosthe-

278 2339 348 2358 nem
365 2330 404 2359 de
421 2331 494 2359 Cor.
508 2329 534 2369 §.
550 2329 611 2360 7&st
626 2330 692 2359 init.
707 2329 820 2364 εὐσείὲὴς
834 2330 881 2360 καὶ
898 2329 993 2359 δικαία

278 2370 373 2411 ψῆφος
388 2372 493 2403 ἅπασι
510 2378 719 2403 ΔΕΔΕΙΚΤΑΙ.
749 2374 843 2412 Quod
867 2378 915 2403 est
937 2373 994 2403 im-

279 2416 471 2454 probandum
486 2426 494 2454 3
534 2421 567 2445 ul.
604 2415 646 2446 ibi
681 2416 891 2447 admoniturus
929 2426 993 2446 ero.

277 2458 388 2488 IDEM.

324 2499 447 2541 Δικαίῳ]
466 2502 555 2531 Anne
569 2501 639 2541 ἀνδρὶ
652 2499 758 2540 δικαίῳ,
770 2513 807 2532 an
824 2500 918 2541 δικαίῳ
932 2514 996 2532 συν-

281 2544 386 2584 ηγὸξῳ.)
417 2545 515 2574 Tanta
529 2543 742 2583 Ἀμφιβολογία
759 2556 775 2574 a
793 2550 876 2575 tanto
891 2551 921 2574 et
933 2550 995 2574 tam

281 2591 428 2617 accurato
455 2589 590 2617 Auctore
623 2587 768 2618 excidere
796 2599 854 2618 uon
885 2589 995 2627 potuit.

281 2630 345 2660 Sed
369 2635 476 2660 teneo:
504 2631 587 2660 Illud
609 2630 682 2670 ἀνδρὶ
699 2630 882 2661 insinuatum
904 2636 953 2661 est
978 2641 996 2660 a

281 2673 392 2709 sciolo,
408 2673 460 2712 qui
477 2683 536 2702 non
557 2673 711 2703 intellexit
731 2674 805 2713 quid
822 2674 924 2704 Graeci
940 2685 994 2703 vo-

281 2716 406 2746 luerunt
419 2726 473 2755 per
489 2716 590 2746 δίκαιον
608 2717 758 2756 συνήγορον.
788 2717 939 2747 Nimirum
957 2716 996 2746 δι’·

281 2770 360 2793 καιος
373 2759 426 2788 ille
441 2764 499 2794 est,
513 2760 564 2798 qui
582 2769 646 2788 eam
662 2770 725 2789 rem
742 2759 801 2790 rite
813 2760 996 2799 exsequitur

282 2801 314 2831 in
335 2812 396 2841 qua
418 2808 597 2841 occupatur.
636 2804 687 2832 Ita
705 2803 857 2833 Lucianus
879 2804 919 2833 de
936 2804 994 2833 Hi-

283 2848 359 2874 stor.
382 2846 613 2880 conscribenda,
639 2845 877 2885 Xenophontem
905 2852 995 2876 vocat

283 2886 421 2916 δίκαιον
441 2887 621 2928 συῃκςαφὲοι,
636 2888 665 2919 id
682 2895 739 2924 est,
756 2891 891 2919 idoneum
908 2895 934 2918 et
948 2889 995 2918 hi-

281 2932 378 2959 storia
390 2941 422 2959 co
415 2932 603 2960 nzscrz'beudae
617 2942 715 2970 parem
728 2933 821 2962 Aucto
815 2943 891 2962 r·.rem
904 2932 929 2971 ᾗ.
942 2935 975 2963 3
965 2935 993 2962 0.

282 2973 333 3002 Ad
345 2983 410 3002 eam
426 2984 557 3003 normam
572 2975 720 3014 scriptum
732 2986 820 3014 repet
823 2976 901 3005 imus
912 2977 994 3014 apud

283 3015 414 3056 Longin.
430 3006 505 3056 Cap.
524 3022 652 3048 extrem.
669 3018 847 3062 masobia&
834 3031 858 3054 ις
874 3020 917 3049 30:
914 3018 996 3053 λεία,

1023 1512 1178 1548 δικαίας.
1202 1514 1224 1543 i.
1242 1523 1270 1544 e.
1286 1512 1432 1555 perfectae,
1449 1519 1479 1544 et
1503 1513 1653 1544 absolutae.
1683 1514 1743 1543 La-

1023 1556 1079 1586 tini
1095 1557 1192 1587 multa
1206 1567 1276 1586 cum
1291 1557 1477 1588 liberalitate
1494 1567 1572 1587 voce
1585 1556 1691 1587 Justus
1703 1557 1742 1586 ad

1024 1609 1091 1629 eam
1113 1610 1179 1629 rem
1201 1605 1339 1637 utuntur,
1361 1605 1396 1630 ut
1414 1600 1567 1637 Volumm,
1585 1600 1741 1636 Proelium,

1026 1642 1182 1673 Exercitus
1197 1643 1341 1674 dic-untur
1356 1653 1466 1674 susm.
1501 1643 1658 1682 Quicquid
1672 1642 1739 1673 scil.

1024 1685 1211 1716 functionem
1239 1697 1325 1717 suam
1352 1687 1485 1726 recipit3
1507 1686 1652 1726 quicquid
1683 1696 1740 1716 suo

1025 1729 1144 1760 muneri
1169 1730 1349 1769 respondet,
1375 1735 1406 1759 et
1436 1730 1578 1760 omnibus
1604 1729 1739 1760 numeris

1025 1776 1074 1803 est
1102 1773 1288 1808 absolutum,
1314 1773 1348 1803 id
1374 1773 1456 1812 apud
1486 1783 1540 1804 eos
1564 1773 1739 1812 Scriptores

1025 1815 1148 1845 Justnm
1165 1816 1290 1846 dicitur.
1318 1816 1402 1846 Ecce
1419 1817 1497 1846 enim
1514 1817 1740 1850 auctoritatem,

1026 1863 1061 1888 ut
1087 1859 1145 1888 hac
1171 1859 1241 1898 ipsa
1267 1859 1483 1898 phraseologia
1510 1864 1590 1893 utar,
1609 1861 1737 1900 justam.

1028 1901 1206 1932 Priscianus
1229 1902 1348 1936 scribit,
1376 1903 1516 1942 Σοφοκλῆς
1542 1902 1653 1932 Αἴαντι.
1688 1901 1738 1932 Δι’-

1026 1955 1103 1978 καιος
1123 1944 1208 1983 γένος,
1228 1955 1284 1984 pro
1313 1944 1395 1976 Vero.
1428 1944 1530 1975 Nostri
1552 1955 1663 1985 quoque
1679 1945 1741 1973 Ve-

1026 1998 1092 2017 rum
1108 1998 1162 2026 pro
1183 1990 1285 2023 Justo,
1300 1993 1328 2018 et
1352 1988 1476 2018 Justum
1501 1998 1554 2027 pro
1570 1989 1654 2018 Vero
1669 1987 1741 2030 fre-

1029 2037 1153 2070 quenter
1165 2037 1296 2070 ponunt.
1328 2030 1477 2070 Virgilius
1494 2031 1525 2060 in
1539 2031 1622 2062 XII.

1029 2082 1218 2122 Quaecunque
1232 2081 1425 2123 estsortuua,
1440 2092 1504 2112 mea
1518 2087 1571 2119 est,
1584 2086 1631 2114 'me
1646 2084 1742 2114 verius

1112 2136 1208 2155 unum

1028 2166 1091 2198 Pro
1106 2168 1182 2198 vobis
1187 2167 1294 2209 foedm
1309 2168 1399 2205 luere,
1414 2173 1442 2198 et
1457 2168 1609 2199 decernere
1619 2167 1720 2210 ferro.

1030 2226 1134 2258 Verius
1148 2229 1222 2258 dixit
1237 2237 1290 2267 pro
1304 2227 1431 2258 Justius.
1475 2228 1555 2258 Haec
1568 2227 1633 2265 ille,
1649 2229 1670 2258 l.
1689 2231 1744 2259 11.

1028 2271 1088 2300 col.
1102 2273 1197 2301 1180.
1220 2271 1353 2301 Videtur
1368 2271 1548 2301 Priscianus
1562 2271 1742 2311 respexisse

1029 2314 1067 2343 ad
1083 2313 1163 2344 illud
1179 2315 1364 2354 Sophoclem
1381 2314 1411 2344 in
1427 2316 1522 2354 Ajace
1539 2325 1569 2345 v.
1586 2315 1662 2346 547.

1073 2364 1155 2405 Εἴπερ
1168 2364 1309 2399 δικαίως
1329 2364 1394 2395 ’ἑο-τ’
1407 2364 1474 2405 ἐμὸς
1487 2367 1528 2396 τὰ.
1544 2364 1699 2406 wan-366&-

1030 2416 1091 2445 Sed
1115 2426 1213 2456 pergo
1237 2416 1266 2446 in
1290 2416 1408 2447 Graecis
1421 2428 1428 2446 :
1443 2415 1497 2447 ’Ἦν
1517 2416 1573 2456 μὲν
1593 2415 1678 2448 τοίνυν
1692 2419 1744 2449 τοῦ

1030 2458 1167 2489 δικαίου
1183 2457 1312 2490 πολίτου.
1329 2461 1493 2490 Demosth.
1510 2461 1552 2490 de
1567 2462 1639 2491 Cor.
1652 2460 1678 2500 ᾗ.
1691 2460 1743 2496 νς·’.

1030 2502 1096 2532 boni
1107 2504 1188 2539 civis,
1198 2509 1225 2532 et
1240 2504 1347 2541 patriae
1360 2503 1561 2533 amantissimi.
1591 2504 1662 2533 Non
1677 2505 1744 2543 agi-

1030 2548 1080 2574 tur
1095 2547 1135 2575 de
1150 2545 1279 2575 Justz'zia
1293 2546 1410 2576 maraci.
1452 2546 1493 2575 Et
1517 2556 1634 2582 rursus,
1657 2547 1744 2581 εὔνους

1029 2588 1078 2617 καὶ
1094 2587 1150 2618 &ln
1160 2600 1237 2624 αιος
1252 2588 1381 2623 πολίτης.
1402 2589 1489 2618 Idem
1503 2589 1582 2619 ibid.
1594 2588 1621 2628 §.
1633 2588 1675 2628 ζ’.
1700 2591 1744 2620 Ut

1026 2632 1089 2669 jam
1114 2641 1162 2660 me
1179 2632 1243 2662 fere
1261 2631 1423 2671 poeniteret
1438 2642 1544 2661 eorum
1567 2642 1635 2671 quae
1650 2643 1744 2664 anno·

1030 2674 1091 2704 tavi
1106 2675 1143 2703 ad
1159 2684 1203 2704 or.
1219 2685 1246 2704 c.
1260 2675 1410 2704 Aristocr.
1426 2675 1451 2714 ᾗ.
1467 2675 1497 2703 ίι.
1513 2675 1565 2704 fin.
1593 2676 1699 2708 IDEM.

1071 2715 1197 2757 Ἡμέρα]
1226 2717 1288 2756 Qui
1310 2721 1552 2747 commentantur
1575 2719 1613 2748 ad
1642 2721 1683 2750 N.
1706 2720 1743 2750 F.

1031 2759 1098 2790 scil.
1117 2764 1146 2790 1.
1163 2760 1236 2790 Cor.
1252 2761 1317 2790 III.
1333 2762 1385 2791 13.
1401 2765 1433 2790 et
1454 2759 1558 2801 ἡμέραν
1581 2771 1637 2801 per
1652 2764 1744 2801 judi-

1028 2804 1108 2832 cium
1139 2807 1306 2842 exponunt,
1333 2814 1374 2833 ex
1405 2804 1463 2833 hoc
1490 2804 1560 2834 loco
1593 2806 1743 2843 proficere

1030 2851 1169 2884 possunt,
1183 2851 1265 2876 etex
1281 2846 1318 2875 iis
1333 2857 1401 2885 quae
1418 2846 1550 2877 meditor
1562 2847 1677 2884 dicere,
1690 2850 1743 2879 ubi

1029 2890 1165 2927 Tempus
1188 2893 1220 2919 et
1237 2889 1342 2919 Otium
1365 2890 1404 2919 ad
1430 2900 1495 2919 eam
1515 2901 1578 2920 rem
1605 2891 1742 2922 tulerint.

1029 2932 1135 2962 IDEM.

1073 2978 1182 3016 Πρῶτον
1196 2974 1278 3015 ὕδωρ]
1301 2976 1418 3005 Potter.
1436 2978 1463 3006 Ι.
1481 2979 1531 3006 01.
1561 2976 1611 3007 De
1624 2977 1744 3018 τιμήσει

1030 3019 1101 3049 vide
1116 3019 1194 3050 infra
1209 3024 1271 3049 not.
1287 3018 1367 3058 ad§.
1383 3017 1577 3056 oy‘.810ex
