1899 3322
720 170 1078 215 AESCHINEAE.

209 279 284 310 neis.
301 283 354 317 34,
371 284 424 313 29.

164 321 324 363 ὑπερπηδςῖν
351 324 397 354 τὸν
426 323 515 364 νόμον.
537 325 591 361 55,
611 325 664 355 29.
697 325 746 355 τὴν
771 322 878 354 δικαίαν

209 366 380 404 ἀπολογίαν.
398 370 451 402 82,
465 370 516 400 29.

163 408 334 449 ὑπερφρονεῖν
355 410 463 452 ἱστορία
485 409 532 441 τόν
554 410 648 449 δῆμον,
671 409 768 439 literis
795 414 880 439 aute-

207 453 318 483 cellere
333 454 515 494 plebeculae,
531 458 726 484 contemnere
744 452 878 493 plebem.

211 497 262 529 19,
275 499 327 526 42.

165 537 316 573 ὑπεύθυνος
333 539 375 578 τῷ
389 540 552 580 συκοφάντη
568 539 695 579 μάρτυς.
705 541 758 573 51,
766 541 796 569 3.
811 536 880 567 καθ-

208 590 286 620 ὖέροζιν
301 593 349 612 ‘TYV
365 581 458 612 θυσίαν
473 595 501 612 OD
524 581 576 621 κξᾷ
600 594 611 611 0
632 593 712 620 ΥΟμΟς
733 593 777 611 ΤΟῚΙ
797 581 881 611 {Uriti-

208 623 296 653 Ιἱὲυνον.
311 627 365 660 56,
378 627 431 655 38.
457 615 639 666 ἐνεχυράζει
628 638 639 654 ο
656 625 813 665 νομοθέτης
827 626 883 658 τοὶς

208 665 303 701 οὐσίας
318 671 372 697 τῶν
386 669 559 698 ὑπευθύνων.
575 672 629 702 56,
646 671 701 698 41.

165 708 290 751 ὑπέχειν
300 710 436 752 τιμωρίαν
447 711 643 751 ἀδικημάτων,
655 721 779 752 poenam
793 711 880 742 dare.

209 754 263 788 85,
279 755 331 784 ⁰23.

165 794 324 836 ὑπηρεσία]
348 796 534 838 ὑπηργμέναι
559 797 597 832 εἴς
623 809 686 827 τινα
717 793 880 838 ὑπηρεσίαι.

208 840 263 874 42,
280 841 332 870 23.

165 879 340 924 ὑπηρετικὸς]
366 883 378 913 ὁ
395 881 443 915 ἐπὶ
459 887 514 914 τῶν
530 884 709 924 ὑπηρετικῶν,
730 883 795 914 scil.
812 885 881 914 νεῶν.

208 926 262 961 37,
279 928 333 956 31.

166 963 260 1004 ὕπνος,
286 969 370 1000 locus
394 968 447 1000 ille
473 969 613 1006 Homeri,
643 970 692 1000 ubi
719 969 819 1009 agitur
842 970 882 1000 de

208 1021 315 1042 somno
339 1012 472 1043 Achillis
493 1023 585 1054 super
602 1013 718 1044 tumulo
736 1013 882 1044 Patrocli.

209 1056 262 1091 20,
275 1055 330 1085 ult.

165 1095 230 1133 ὑπὸ,
259 1103 468 1129 constructum
511 1099 548 1140 1)
572 1109 642 1130 cum
658 1100 805 1140 genitivo.
823 1100 883 1131 δου-

209 1141 294 1172 λεύειν
308 1144 376 1175 ταῖς
390 1141 566 1195 αἰσχίσταις
580 1143 693 1179 ἡδοναῖς,
712 1142 884 1182 ὄψοφαγίαις

208 1183 257 1213 καὶ
282 1183 479 1220 πολυτελείαις
507 1184 628 1222 δείπνων,
657 1186 705 1216 καὶ
735 1186 884 1227 αὐλητρίσι

208 1227 258 1257 και
279 1227 413 1281 ἑταίραις,
431 1229 479 1258 καὶ
504 1227 604 1262 κύςοις,
624 1230 672 1258 καὶ
694 1241 753 1263 τοις
773 1230 883 1265 ἄλλοις,

208 1268 258 1310 ὑφ’
278 1282 317 1300 ων
333 1271 431 1304 οὑδενός
450 1271 493 1300 δεῖ
506 1270 674 1311 κρατεῖσθαι
696 1271 741 1301 τὸν
757 1274 884 1311 γενναῖον.

209 1315 241 1348 6,
256 1315 308 1344 34.
339 1313 625 1355 καταμαρτυρεῖσθαι
649 1314 702 1344 ὑπὸ
717 1316 767 1344 τοῦ
783 1315 884 1345 ἑαυτοῦ

209 1353 280 1389 βίον.
299 1360 352 1393 13,
372 1359 402 1388 3.
435 1360 533 1388 πολλοὶ
548 1357 756 1397 ἁμιλληθέντα
771 1358 884 1399 μαρτύ-

209 1402 258 1439 ρῶν
271 1399 336 1430 ὕπο.
352 1403 405 1435 21,
417 1403 470 1432 35.
501 1400 686 1440 παρεμβολαὶ
710 1400 798 1439 λόγων
813 1407 884 1432 πολ-

210 1442 261 1472 λαι
284 1443 438 1483 εὑρέθησαν
454 1443 515 1474 ὑπὸ
532 1442 734 1482 Δημοσθένους.
760 1446 814 1480 23,
830 1448 883 1475 41.

210 1484 264 1516 ὑπὸ
279 1489 334 1516 τῶν
349 1488 478 1516 ἀπατῶν
491 1487 538 1516 καὶ
555 1486 795 1526 ἀλαζονευμάτων
811 1488 885 1518 ὑπά-

209 1528 304 1567 γεσθε.
323 1531 376 1564 25,
392 1532 444 1561 23.
479 1531 573 1582 ἀρχὰς
588 1531 774 1583 ἀδικημάτων
789 1543 832 1571 μη
847 1531 884 1561 οἴ-

209 1571 281 1602 εσθε
303 1571 362 1603 ἀπὸ
382 1572 464 1608 θεῶν,
489 1571 560 1603 ἀλλ’
575 1574 630 1615 οὑχ
654 1572 712 1603 ὑπ’
732 1573 886 1615 ἀνθρώπων

210 1615 365 1654 ἀσελγείας
382 1614 524 1654 γίνεσθαι.
546 1618 634 1653 27,5
614 1628 645 1648 ο.
676 1615 751 1646 ἑάλω
766 1617 819 1647 ὑπὸ
835 1623 886 1659 λῃ-

209 1661 287 1689 στῶν
316 1658 343 1689 ἐν
369 1660 504 1694 σπονδαῖς
534 1659 723 1700 ὃλυμπικαις.
751 1663 804 1696 29,
832 1663 885 1692 35.

209 1700 336 1755 ᾑρημένοι
347 1702 400 1733 ὑπὸ
413 1704 464 1737 τῆς
478 1705 579 1742 φυγῆς.
591 1706 645 1739 47,
660 1708 689 1735 8.
713 1706 768 1733 τῶν
782 1707 887 1747 τειχῶν

212 1745 266 1775 ὑπὸ
290 1748 344 1775 τῶν
364 1746 510 1787 βαρβάρων
533 1746 738 1778 πεπτωκότων.
764 1748 817 1783 51,
835 1751 885 1777 11.

212 1789 376 1839 πυλαγόρας
389 1789 593 1831 χειροτονηθεὶς
607 1788 654 1829 ὑφ’
669 1792 754 1829 ἤμων.
771 1793 824 1826 69,
833 1793 885 1821 31.

211 1829 425 1883 ἐξειργασμένον
450 1835 535 1862 τοῦτο
562 1833 594 1863 τὸ
625 1833 722 1863 πεδίον
752 1833 805 1863 ὑπὸ
832 1837 887 1864 τῶν

211 1872 408 1915 Ἀμφισσέων.
426 1879 480 1912 70,
494 1879 546 1907 22.
569 1877 720 1906 ἀπολαύων
735 1888 783 1905 και
794 1888 887 1916 εμπι-

211 1919 367 1957 πλάμενος
392 1921 443 1954 τῆς
469 1899 608 1959 διδομένης
633 1918 681 1959 ὑφ’
705 1921 784 1960 ὑμῶν
808 1921 887 1960 αὐτῷ’

212 1959 349 1999 ἐξουσίας.
372 1964 497 1998 72,15.
533 1962 658 2002 ἤμελλεν
675 1963 886 2003 (Alexander)

212 2004 505 2044 συμπατηθησεσθαι
529 2005 589 2035 ὑπδ
609 2018 661 2041 της
680 2009 821 2058 Περσικῆς
838 2006 886 2036 ἵπ-

213 2057 276 2077 που.
291 2050 346 2083 77,
367 2051 415 2078 10.
438 2047 687 2089 ἀναγκαζόμενος
677 2049 730 2079 υπὸ
746 2061 796 2083 της
812 2049 836 2079 ἐν
851 2062 886 2091 τῃ

213 2090 297 2129 φύσει
311 2091 445 2124 δαπάνης.
458 2093 510 2126 85,
524 2094 554 2121 8.
578 2093 754 2131 παριστάναι
777 2104 824 2122 και
846 2096 887 2124 τα

212 2135 256 2173 μή
273 2133 480 2174 πεπραγμένα
496 2133 543 2175 ὑφ’
551 2135 649 2165 αὑτοῦ.
666 2138 719 2171 86,
730 2136 782 2166 25.
800 2134 888 2174 ἔγκα-

213 2177 377 2216 ταληφθεὶς
397 2177 451 2207 ὑπὸ
472 2181 527 2208 τῶν
546 2178 686 2229 παρόντων
704 2179 783 2217 αὐτῷ
800 2179 888 2209 κινδύ-

214 2229 270 2249 νων.
289 2222 341 2256 88,
358 2223 388 2251 2.
412 2219 527 2251 ἐκπλεῖν
537 2219 618 2259 μόνος
629 2221 667 2255 εἰς
681 2222 777 2260 Σάμον
793 2221 888 2264 ἐγχει-

214 2262 302 2302 ρήσας
314 2263 497 2304 αὑθῆμερον“
487 2262 549 2294 υπό
565 2277 617 2299 της
633 2264 664 2303 ἐξ
679 2264 766 2317 αρείου
788 2267 889 2304 πάγου

213 2303 354 2342 ξουλῖίς,
339 2319 374 2341 ως
394 2306 526 2347 προδότης
542 2309 592 2341 τῆς
615 2306 750 2348 πατρίδος
769 2308 888 2349 θανάτῳ

215 2347 374 2400 ἐζημιώθη.
395 2353 448 2381 89.
461 2353 514 2382 34.
562 2349 597 2390 2)
612 2361 681 2381 cum
699 2353 888 2382 accusativo.

215 2394 265 2422 σεῦ
280 2390 394 2434 ὕστερος
410 2393 473 2433 εἰμι
487 2393 540 2424 ὑπὸ
556 2395 652 2432 γαῖαν.
677 2397 729 2431 20,
750 2398 803 2426 41.
833 2399 889 2426 τῶν

215 2434 269 2465 ὑπὸ
282 2435 328 2466 τὸν
341 2436 414 2467 ἥλιον
431 2435 585 2476 ἀνθρώπων.
603 2439 656 2471 33,
672 2440 724 2469 31.
749 2440 788 2468 τα
804 2438 889 2477 μέγι-

215 2490 278 2508 στα
294 2483 349 2510 τῶν
365 2479 390 2510 έν
403 2480 441 2520 τῇ
456 2481 536 2510 πόλει
552 2479 691 2521 συνεδρίων
707 2480 760 2511 ὑπὸ
773 2484 820 2512 τὴν
834 2485 888 2512 τῶν

215 2521 399 2563 δικαστηρίων
412 2523 528 2564 ἔρχεται
546 2521 646 2563 ψῆφον.
662 2526 715 2562 56,
731 2527 785 2556 29.
813 2525 888 2564 ἄγειν

216 2564 277 2594 ὑπὸ
289 2568 336 2596 τὴν
351 2565 451 2605 ψῆφον.
468 2569 521 2602 56,
538 2568 591 2596 31.

172 2608 355 2646 ὑποβάλλειν,
383 2620 439 2650 pro
468 2610 670 2640 fundamento
699 2621 886 2651 supponere.

214 2653 246 2686 4,
265 2654 317 2682 19.
345 2663 505 2683 occurrere
525 2653 656 2695 alicujus
672 2654 801 2684 orationi
817 2665 886 2684 cum

217 2695 415 2731 refutatione,
431 2696 568 2738 obloqui.
588 2700 641 2732 12,
660 2699 709 2727 15.
743 2697 888 2730 ὑποβαλῶ

215 2738 408 2778 (subjiciam,
426 2740 651 2779 suppeditabo)
675 2752 718 2770 σοι
738 2740 827 2781 ἕτερον
843 2741 888 2770 λό-

217 2792 273 2818 γον.
292 2784 341 2816 17,
359 2784 390 2812 9.
413 2781 592 2813 ὑποὲάλλετε
619 2783 699 2822 αὑτῷ
719 2782 812 2819 ἐκεῖνο,
837 2796 888 2814 oc-

217 2825 327 2854 currite
344 2825 371 2854 ei
389 2825 442 2854 sic.
458 2827 511 2859 57,
522 2828 552 2856 6.
578 2827 822 2866 ἀπομνημονεύετε
838 2828 889 2857 αὑ-

217 2869 277 2900 τοῖς
293 2867 455 2900 ὑποβαλεῖν.
479 2871 532 2904 60,
549 2872 600 2899 ⁶24.
630 2871 802 2904 ὑποβάλλειν
825 2869 888 2899 ἑαυ-

218 2909 264 2940 τόν
279 2923 352 2940 τισι.
369 2913 421 2947 66,
439 2914 490 2941 25.
514 2912 696 2945 ὑποβάλλειν.
714 2916 765 2948 83,
777 2916 828 2944 3-1--

174 2953 382 2994 ὑπογενειάζειν,
414 2960 551 2984 mentum
587 2955 719 2998 alicujus
749 2958 889 2998 subjecta

219 3007 312 3028 manu
327 2998 473 3028 mulcere.
488 3001 521 3032 9,
534 3001 585 3030 20.

1575 171 1629 214 87

911 277 1078 316 ὑποδειλιᾷν.
1097 280 1150 314 26,
1168 282 1198 308 1.

912 321 1050 362 ὑποδοχὴ]
1074 319 1105 350 ἵν’
1128 321 1166 355 εἷς
1187 320 1323 363 ὑποδοχῆν
1346 319 1464 351 ἅπαντα
1489 320 1536 350 καὶ
1555 319 1632 359 λέγοι

955 365 1003 393 καὶ
1028 364 1151 404 πράττοι
1175 366 1349 405 Φιλοκράτει,
1375 370 1418 399 ut,
1442 365 1493 394 ubi
1524 364 1632 394 Philo-

957 413 1054 437 crates
1071 407 1196 437 dicendi
1222 409 1375 447 agendive
1392 408 1483 437 finem
1504 408 1631 443 faceret,

958 450 1000 480 ibi
1027 451 1207 480 succederet
1228 452 1256 479 ei
1280 451 1520 486 Demosthenes,
1544 451 1633 491 quasi

958 493 1077 523 triarius
1107 499 1139 523 et
1168 493 1499 534 st1bsess‹)r‚·ejusque
1530 501 1632 534 parles

960 538 1135 577 agendique
1150 536 1338 575 dicendique
1357 538 1526 577 susciperet
1539 544 1631 577 atque

960 588 1184 620 exsequeretur.
1202 582 1255 615 62,
1270 581 1322 609 32.
1354 580 1416 609 Sed
1435 592 1463 609 ν.
1482 581 1523 610 ibi
1549 581 1633 611 dicta

959 622 989 652 in
1021 624 1222 653 annotatione
1238 634 1244 652 :
1277 623 1372 652 dubia
1408 624 1488 652 enim
1521 630 1566 654 est
1595 634 1634 654 ea

961 665 1064 702 lectio,
1078 677 1256 706 vereorque,
1272 677 1309 696 ne
1323 666 1362 696 sit
1376 665 1516 706 ἀποδοχῆν
1529 667 1589 706 leg.

917 708 1065 744 ὑπόθεσις,
1079 716 1305 749 argumentum,
1320 709 1523 749 propositum,
1540 719 1634 739 causa.

960 762 1104 792 praesens.
1121 752 1153 782 ἵν’
1167 751 1214 782 ἐπὶ
1231 755 1282 786 τῆς
1297 751 1467 785 ὑποθέσεως
1481 752 1566 792 μένω.
1580 754 1634 789 64,

961 797 1014 826 31.
1038 796 1216 835 ἀποπλανᾷν
1233 798 1295 825 τινα
1316 795 1374 825 ἀπὸ
1395 796 1446 829 τῆς
1468 794 1635 830 ὑποθέσεως.

959 840 1014 874 79,
1031 841 1060 869 6.
1093 840 1251 870 ἀποπλανῶ
1274 839 1352 880 ὑμᾶς
1375 837 1433 868 ἀπὸ
1456 840 1506 872 τ’νῖς
1532 838 1636 868 ὑποθέ-

960 892 1040 916 σεως.
1057 885 1109 913 81.
1129 885 1178 912 11.

917 925 1106 966 ὑποκεῖσθαι]
1130 925 1278 956 ὑπόκειται
1290 924 1323 954 τὸ
1338 925 1426 955 πεδίον
1438 924 1481 964 τῷ
1495 924 1564 966 ἱερῷ.
1579 926 1636 962 70,

961 971 1014 998 20.

918 1009 1178 1052 ὑποκηρύττεσθαι]
1213 1009 1449 1052 ὑποκηρυξάμενοί
1471 1022 1544 1045 τινες
1572 1012 1638 1045 τοὺς

962 1054 1067 1084 ἑαυτῶν
1084 1054 1196 1090 οἰκέτας
1208 1055 1328 1094 ἀφίεσαν
1345 1054 1561 1096 ἀπελευθέρους,
1577 1055 1636 1085 sub

962 1108 1114 1137 praecone.
1133 1102 1186 1132 59,
1205 1101 1257 1129 25.

919 1141 1107 1182 ὑποκόρισμα
1123 1140 1230 1176 τίτθης.
1249 1145 1301 1177 17,
1319 1141 1438 1181 penult.

920 1184 1083 1224 ὑποκρούειν,
1100 1186 1203 1215 cubito
1220 1191 1272 1215 aut
1289 1185 1375 1215 calce
1391 1184 1494 1220 ferire,
1510 1188 1543 1214 et
1559 1183 1602 1213 sic
1619 1193 1638 1213 a

962 1227 1095 1258 statione
1117 1236 1282 1263 oratorum,
1306 1239 1323 1258 a
1345 1233 1502 1268 pegmate,
1528 1226 1638 1267 depel-

961 1270 1034 1305 lere,
1047 1271 1099 1305 ¹vel
1121 1277 1152 1301 et
1175 1271 1415 1311 interloquendo
1443 1271 1637 1311 obstrepere,

961 1313 1110 1354 impedire
1127 1314 1291 1344 dicentem.
1310 1317 1341 1348 5,
1358 1316 1410 1344 34.

918 1355 1144 1396 ὑπολαμβάνειν]
1162 1356 1328 1390 ὑπολάβητε
1344 1355 1445 1396 διανοίᾳ
1461 1355 1582 1386 τοιοῦτόν
1597 1368 1639 1387 τι.

961 1402 994 1435 7,
1010 1401 1062 1430 39.
1088 1400 1301 1439 ὑπολαμβάνειν
1317 1412 1347 1429 τι
1366 1400 1403 1434 εἴς
1425 1410 1501 1435 τινα,
1521 1400 1639 1430 dictum

963 1442 1089 1482 aliquod
1114 1443 1155 1473 de
1181 1443 1287 1483 aliquo
1310 1443 1465 1484 accipere,
1489 1443 1640 1484 interpre-

963 1485 1031 1520 tari,
1048 1486 1192 1526 suspicari
1217 1487 1250 1516 in
1273 1496 1343 1516 eum
1367 1486 1542 1527 conjectum
1562 1496 1640 1517 esse.

965 1531 1082 1564 2822&
1107 1529 1322 1569 ὑπολαμβάνειν
1349 1529 1420 1570 ὅρᾷν,
1442 1529 1558 1570 fingere
1580 1529 1641 1560 sibi

964 1572 1079 1607 auimo,
1096 1573 1185 1612 quasi
1201 1583 1303 1603 coram
1320 1583 1439 1603 cernas.
1457 1575 1510 1609 025,
1526 1575 1557 1604 2.

920 1613 1147 1655 ὑπολογίζεσθαι.
1163 1618 1216 1653 28,
1230 1619 1260 1646 2.
1284 1615 1512 1655 ὑπολογίζεσθαι
1533 1616 1641 1657 εὑεργε-

964 1657 1038 1693 σίας.
1055 1662 1110 1695 82,
1123 1663 1144 1689 4

921 1702 1087 1743 ὑπόλοιπος]
1101 1702 1232 1744 ἀκρόασιν
1244 1703 1293 1733 τῆν
1307 1701 1457 1732 ὑπόλοιπον
1472 1701 1642 1733 ποιήσασθε.

965 1747 1017 1780 62,
1032 1747 1050 1776 6

921 1788 1081 1830 ὑπομένειν]
1106 1790 1192 1828 φωνῆν
1216 1789 1266 1818 τοῦ
1289 1788 1481 1822 κινδυνεύοντος
1502 1790 1545 1828 μὴ
1572 1789 1641 1819 ὑπο-

963 1831 1064 1871 μένειν,
1083 1832 1259 1862 inauditum
1283 1833 1441 1863 damnare.
1460 1835 1513 1867 28,
1531 1834 1560 1862 6.
1585 1831 1641 1872 κρί-

963 1887 1009 1905 σιν
1029 1875 1084 1916 οὑχ
1106 1874 1261 1915 ὑπομένειν.
1279 1878 1332 1911 29,
1348 1878 1378 1906 4.
1409 1875 1560 1914 ὑπομένειν
1584 1883 1642 1906 Δη-

963 1917 1106 1957 μοσθένην
1122 1918 1257 1958 ἀφόρητον
1277 1917 1354 1948 ὅντα.
1372 1921 1426 1955 30,
1444 1919 1498 1948 ult.
1523 1918 1641 1959 ὑπομέ-

964 1971 1011 1990 νειν
1026 1963 1113 1992 πολὺν
1128 1962 1212 1992 πόνον.
1229 1964 1281 1996 80,
1296 1965 1327 1993 2.

922 2004 1161 2044 ὑπομιμνήσκειν]
1200 2006 1376 2044 πειράσομαι
1406 2004 1452 2034 διὰ
1481 2002 1643 2043 κεφαλαίων

965 2048 1043 2087 ὑμᾶς
1062 2048 1297 2087 ὑπομιμνήσκειν.
1314 2050 1368 2083 31,
1385 2050 1437 2078 29.
1470 2048 1642 2087 ὑπομιμνή-

964 2102 1078 2124 σκοντος
1100 2093 1164 2125 τοὺς
1186 2093 1305 2132 καιροὺς,
1321 2102 1369 2121 me
1398 2091 1438 2120 ad
1462 2091 1640 2121 memoriam

966 2141 1097 2164 vestram
1121 2140 1295 2165 revocante.
1313 2138 1366 2170 62,
1385 2136 1433 2163 15.
1469 2134 1642 2174 ὑπομιμνή-

965 2188 1041 2207 σκειν
1063 2180 1167 2212 κακῶν,
1189 2178 1268 2208 mala
1294 2178 1324 2208 in
1350 2177 1528 2208 memoriam
1553 2187 1642 2207 revo-

966 2230 1044 2251 care.
1059 2224 1113 2256 75,
1128 2224 1182 2253 42.

923 2263 1090 2303 ὑπόμνημα
1115 2264 1199 2304 (scil.
1222 2266 1273 2298 τῆς
1298 2265 1397 2304 ἀρετῆς
1421 2264 1470 2293 τοῦ
1497 2263 1640 2301 ἀγωνισα-

965 2306 1050 2346 μένου
1074 2308 1122 2337 καῖ
1147 2310 1198 2341 τῆς
1224 2308 1262 2341 εἶς
1286 2306 1368 2337 αὑτὸν
1393 2305 1564 2347 φιλοτιμίας
1589 2307 1641 2336 τοῦ

966 2351 1070 2390 δήμου)
1092 2350 1119 2380 ἐν
1140 2351 1211 2392 οἰκία
1234 2351 1358 2393 ἔχοντες,
1384 2361 1528 2381 coronam
1552 2354 1640 2390 puta.

967 2396 1020 2430 60,
1040 2397 1090 2424 17.

922 2436 1092 2467 ὑποπίπτειν
1107 2436 1172 2473 τινὶ,
1191 2437 1369 2467 submittere
1388 2446 1453 2466 sese
1471 2435 1574 2470 alicui,
1588 2435 1643 2465 bu-

966 2480 1077 2510 militer
1093 2491 1162 2510 euru
1181 2481 1328 2515 venerari,
1345 2479 1431 2510 velut
1446 2478 1587 2508 famulari
1608 2484 1641 2509 et

966 2524 1117 2554 ancillari.
1135 2526 1189 2559 70,
1209 2529 1237 2553 1.

922 2567 1118 2597 ὑποπτήσσειν
1134 2566 1252 2607 ἀξίωμά
1268 2577 1347 2599 τινος.
1363 2568 1416 2601 42,
1436 2567 1463 2594 1.

922 2611 1070 2649 ὑποσιγᾷν.
1087 2613 1140 2646 50,
1155 2614 1184 2640 2.

923 2653 1113 2692 ὑποσιωπξίν.
1130 2656 1182 2688 88,
1198 2656 1227 2681 7.

922 2695 1105 2736 ὑπόσπονδος]
1132 2695 1326 2728 ὑποσπόνδους
1342 2693 1473 2733 ἀφίεσαν.
1493 2696 1546 2729 66,
1565 2695 1616 2725 15.

922 2740 1176 2776 ὑποστέλλεσθαι,
1208 2739 1413 2773 dissimulare,
1444 2738 1556 2767 celare.
1586 2738 1640 2773 37,

967 2786 1017 2813 14.

922 2826 1097 2867 ὑπόσχεσις]
1124 2824 1284 2863 ψεύδεσθαι
1312 2834 1360 2854 την
1387 2822 1557 2864 ὑπόσχεσιν,
1581 2823 1640 2852 sal-

966 2869 1027 2899 iere
1046 2869 1291 2909 promissionem,
1308 2867 1510 2897 verbis-fidem
1524 2866 1638 2896 nullam

966 2913 1079 2952 ipsane
1098 2914 1406 2945 adstrmre..'0,10.

923 2954 1111 2998 ὑποτέμνειν]
1136 2953 1359 2993 ὑποτέμνεσθαι
1375 2954 1438 2988 τοὺς
1452 2952 1572 2995 χρόνους,
1588 2963 1640 2982 oc-

967 3008 1094 3040 cupare,
1111 2998 1308 3030 festinatione
1326 2997 1495 3038 praecidere
1521 3004 1640 3036 tempo-
