1982 3340
335 233 391 258 xx
845 216 896 258 C.
927 216 976 258 F.
1010 215 1303 258 MATTHAEI

871 366 901 407 S
922 365 960 406 E
988 364 1024 405 C
1053 366 1108 407 T.
1161 366 1251 407 III.

898 472 962 510 De
983 471 1238 511 sublimitate.

385 565 627 612 Sublimitas,
648 566 697 604 de
730 578 808 616 qua
829 579 933 605 nunc
962 566 1094 606 dicere
1121 567 1287 614 institui,
1313 574 1374 606 est
1394 581 1439 607 ea
1458 567 1643 607 orationis
1665 568 1800 617 virtus,

331 641 419 678 quae
451 640 674 678 magnarum
705 641 835 666 rerum
868 629 1049 668 notiones
1078 628 1213 668 efficit.
1269 629 1402 680 Hujus
1429 630 1582 668 virtutis
1611 635 1720 669 tanta
1745 637 1805 669 est

327 690 399 740 vis,
427 695 534 728 tanta
562 690 645 728 laus
671 696 711 728 et
730 691 1035 738 commendatio,
1057 698 1101 730 ut
1131 691 1235 730 haud
1256 692 1376 730 dubie
1406 692 1510 730 nulla
1539 691 1614 731 alia
1642 693 1804 744 reperiri

327 751 469 801 possit,
488 764 577 802 quae
599 751 719 803 magis
739 752 790 790 ad
807 753 1043 799 docendum,
1056 753 1334 793 delectandum
1354 760 1393 792 et
1414 754 1645 792 movendum
1659 755 1803 794 valeat.

330 814 418 852 Hac
439 820 571 852 orator
590 814 783 866 praeditus
807 815 1067 854 certissimam
1093 821 1134 855 et
1163 815 1269 854 omni
1299 816 1594 867 comparatione
1616 816 1803 866 majorem

327 882 504 927 reportat
523 876 726 915 victoriam
747 883 786 916 et
807 879 1023 928 praemium.
1080 878 1173 917 Vidi
1193 892 1313 930 saepe,
1333 892 1423 918 cum
1444 878 1626 929 quaedam
1643 879 1695 917 ab
1715 891 1802 917 ora-

327 939 478 977 toribus
508 939 749 978 dicerentur*
766 941 1002 991 sublimiter,
1035 941 1259 979 auditorum
1293 954 1363 979 ora
1387 940 1589 992 pallentia,
1622 940 1803 992 spiritum

326 1001 566 1051 praeclusum
587 1007 626 1039 et
647 1014 792 1049 rarum,
815 1002 1015 1041 silentium
1041 1003 1165 1042 altum
1191 1008 1231 1041 et
1258 1006 1466 1041 attentum.
1523 1002 1615 1047 Quo
1632 1002 1802 1052 judicio,

328 1063 423 1115 quid
447 1066 571 1114 majus
591 1071 659 1104 aut
679 1066 935 1105 excellentius
955 1067 1082 1118 possit
1101 1065 1298 1118 intelligit
1328 1067 1606 1116 Incorruptum
1626 1065 1727 1103 enim
1744 1071 1806 1103 est

327 1132 367 1164 et
386 1126 552 1165 liberum
573 1133 612 1165 et
632 1128 682 1166 ab
703 1128 810 1166 omni
830 1127 1066 1167 adulationis
1086 1129 1310 1181 suspicione
1330 1128 1630 1167 remotissimum
1657 1133 1698 1166 et
1723 1128 1805 1177 glo-

326 1187 471 1227 riosum
501 1202 578 1227 non
609 1191 734 1229 solum
765 1191 825 1236 iis,
857 1191 925 1242 qui
952 1191 1166 1242 accipiunt,
1195 1204 1330 1230 verum
1362 1190 1479 1229 etiam
1510 1190 1579 1240 qui
1613 1190 1805 1228 tribuunt.

327 1250 485 1289 Scilicet
503 1251 605 1290 inest
627 1252 666 1290 in
686 1253 858 1291 omnium
880 1253 1018 1292 animis
1038 1267 1060 1292 a
1080 1259 1219 1292 natura
1239 1254 1409 1292 donatus
1431 1252 1586 1291 honesti
1605 1263 1697 1290 acer
1716 1264 1804 1289 sen-

326 1325 405 1358 sus,
421 1313 503 1364 qui,
521 1313 552 1351 si
568 1314 619 1352 ab
633 1320 787 1352 oratore
803 1315 998 1354 excitatur
1010 1321 1050 1354 et
1065 1316 1307 1363 accenditur,
1323 1315 1424 1354 vires
1439 1314 1555 1353 sumit
1571 1318 1611 1352 et
1625 1313 1805 1363 erumpit.

326 1375 454 1424 Atqui
491 1380 531 1413 et
561 1375 636 1413 hac
666 1376 808 1414 virtute
839 1378 1064 1416 AEschinem
1095 1384 1285 1428 praestare
1320 1377 1510 1416 videmus.
1567 1375 1668 1419 Quis
1702 1375 1806 1414 enim

325 1449 404 1474 non
437 1443 641 1475 moveatur
661 1444 701 1476 et
731 1438 897 1476 oratoris
927 1439 1175 1477 honestatem
1195 1440 1431 1489 virtutisque
1451 1437 1722 1476 excellentiam
1744 1450 1806 1474 su-

326 1498 468 1548 spiciat
484 1505 524 1536 et
543 1498 772 1547 admiretur,
792 1512 881 1536 cum
898 1499 992 1549 legit
1011 1512 1070 1545 ea,
1093 1513 1182 1549 quae
1198 1501 1403 1539 AEschines
1419 1506 1557 1538 contra
1578 1499 1806 1549 improbita-

324 1565 400 1597 tem
435 1559 657 1597 sublimiter
677 1559 775 1596 dixit
793 1562 844 1607 (κ.
865 1560 1035 1610 Τιμάρχ.
1056 1566 1085 1609 ξ.
1104 1561 1175 1604 λζ’.
1195 1560 1278 1609 fin.)
1298 1565 1349 1612 μὴ
1371 1565 1445 1612 γὰρ
1474 1560 1614 1607 οἰέσθε,
1636 1558 1664 1598 ὦ
1686 1560 1806 1607 Ἀθη-

327 1626 440 1671 vator,
452 1624 522 1662 τοίς
542 1626 616 1658 τῶν
636 1620 872 1672 ἀδικημάτων
888 1622 1012 1675 ἀρχὰς
1032 1622 1107 1660 ἀπὸ
1127 1624 1234 1668 θεῶν,
1256 1625 1343 1660 ἀλλ’
1362 1626 1434 1675 οὐχ
1456 1625 1517 1661 ὑπ’
1536 1622 1745 1675 ἀνθρώπων
1765 1625 1811 1661 α’-

329 1686 508 1731 σελγείας
530 1681 724 1729 γίνεσθαι,
742 1683 834 1732 μηδὲ
853 1683 939 1726 τοὺς
955 1683 1206 1731 ἠσεβηκότας,
1222 1684 1392 1736 καθάπερ
1411 1685 1452 1722 ἐν
1467 1690 1549 1727 ταῖς
1569 1684 1809 1736 τραγῳδίαις,

327 1747 463 1787 ποινὰς
495 1744 668 1782 ἐλαύνειν
699 1746 760 1781 καὶ
785 1745 954 1790 κολάζειν
984 1745 1097 1796 δᾳσὶν
1123 1748 1322 1797 ἡμμέναις,
1344 1747 1432 1784 ἀλλ’
1453 1747 1492 1784 αἱ
1519 1752 1715 1798 προπετεῖς
1746 1753 1809 1785 τοῦ

330 1812 500 1858 σώματος
518 1806 665 1852 ἡδοναὶ,
685 1808 744 1844 καὶ
765 1807 805 1845 τὸ
825 1806 941 1858 μηδὲν
959 1807 1088 1844 ἱκανὸν
1103 1806 1296 1855 ἡγεῖσθαι,
1313 1812 1431 1846 ταῦτα
1451 1811 1590 1859 πληροῖ
1609 1811 1654 1846 τὰ
1673 1812 1811 1864 λῃστή-

324 1885 403 1920 ρια,
428 1870 527 1907 ταῦτ’
547 1870 600 1910 εἰς
626 1868 692 1906 τὸν
711 1868 1009 1918 ἐπακτροκέλητα
1029 1867 1243 1920 ἐμβιβάζει,
1265 1870 1387 1922 ταῦτά
1405 1869 1507 1908 ἐστιν
1525 1869 1664 1922 ἑκάστῳ
1684 1874 1808 1918 ποινὴ,

325 1939 444 1969 ταῦτα
464 1930 752 1981 παρακελεύεται
772 1936 850 1974 τοῖς
880 1933 977 1974 νέοις
1000 1932 1176 1982 σφάττειν
1202 1930 1289 1974 τούς
1317 1932 1492 1978 πολίτας,
1513 1933 1708 1983 ὑπηρετεῖν
1728 1939 1808 1977 τοῖς

327 1994 538 2044 τυράννοις,
561 1997 838 2039 συγκαταλύειν
858 1994 923 2032 τὸν
943 1994 1071 2046 δῆμον.
1094 1996 1136 2032 οὺ
1165 1997 1238 2045 γὰρ
1264 1997 1331 2041 τὴν
1351 1998 1552 2048 αἰσχύνην,
1579 1996 1664 2043 οὔδ’,
1684 1999 1708 2036 ἃ
1727 2002 1807 2036 πεί·

329 2071 461 2093 σονται
481 2056 697 2107 ληφθέντες,
727 2057 960 2105 λογίζονται·
987 2058 1075 2093 ἀλλ’
1102 2057 1154 2108 ἐφ’
1181 2056 1238 2100 οἷς
1265 2060 1569 2109 κατορθώσαντες
1598 2058 1809 2110 εὐφρανθή-

328 2134 472 2162 σονται,
502 2119 645 2159 τούτοις
675 2120 908 2164 κεκήληνται.
939 2119 1105 2170 ἐξαιρεῖτ’
1133 2117 1212 2165 οὖν,
1244 2115 1272 2157 ὦ
1289 2118 1501 2166 Ἀθηναῖοι,
1531 2122 1598 2163 τὰς
1630 2124 1807 2164 τοιαύτας

325 2182 468 2230 φύσεις,
485 2180 545 2216 καὶ
566 2180 612 2216 τὰ
631 2185 704 2217 τῶν
721 2182 814 2218 νέων
834 2182 1038 2232 ζηλώματα
1061 2180 1114 2217 ἐπ’
1132 2182 1266 2231 ἀρετὴν
1286 2180 1560 2231 προτρέψασθε.
1615 2181 1716 2228 Jam,
1734 2182 1807 2220 etsi

327 2241 386 2278 vis
414 2240 606 2279 orationis
637 2254 660 2279 a
689 2242 871 2292 quolibet
897 2243 1044 2281 lectore
1075 2242 1191 2281 facile
1220 2244 1424 2293 sentiatur,
1444 2249 1575 2282 tamen
1603 2257 1704 2294 opus
1732 2244 1808 2281 erit

329 2301 416 2340 haec
437 2301 674 2348 examinare,
696 2308 741 2341 ut
769 2317 816 2341 ne
837 2312 982 2342 temere
1008 2303 1289 2342 sublimitatem
1319 2305 1411 2342 huic
1431 2304 1520 2343 loco
1548 2305 1729 2343 tribuisse
1750 2305 1806 2343 vi-

328 2363 503 2402 deamur.
561 2365 663 2402 Cum
690 2365 809 2415 igitur
829 2366 957 2403 omnis
979 2365 1198 2404 sublimitas
1227 2366 1377 2404 oriatur
1406 2380 1454 2404 ex
1473 2366 1613 2413 tribus,
1640 2367 1806 2418 primum

328 2440 374 2464 ex
409 2425 601 2464 sententia
631 2440 833 2476 generosa,
861 2427 1004 2466 deinde
1039 2441 1087 2466 ex
1118 2428 1404 2479 compositione
1436 2428 1658 2479 splendida,
1693 2429 1806 2466 deni-

330 2501 407 2538 que
428 2501 476 2525 ex
496 2488 624 2526 verbis
652 2490 835 2539 gravibus
866 2495 905 2528 et
931 2489 1216 2540 grandioribus,
1241 2491 1327 2539 jam
1357 2490 1406 2528 de
1428 2491 1485 2528 his
1507 2491 1668 2541 singulis
1691 2504 1804 2541 sepa-

328 2551 441 2587 ratim
477 2549 704 2589 videndum.
763 2552 871 2596 Quid
908 2564 1044 2602 quaeso
1079 2553 1301 2602 generosius
1341 2554 1416 2591 hac
1453 2555 1672 2592 sententia:
1712 2555 1805 2591 Non

331 2619 420 2650 sunt
442 2626 464 2651 a
483 2613 556 2651 diis
576 2615 791 2665 repetenda
811 2616 907 2653 male
928 2615 1122 2653 factorum
1143 2615 1263 2662 initia,
1285 2616 1353 2654 sed
1376 2617 1427 2654 ab
1453 2616 1704 2667 improbitate
1734 2616 1805 2653 ho-

330 2675 490 2713 minum.
549 2676 649 2721 Quae
680 2690 797 2727 porro
818 2678 1062 2728 splendidior
1082 2679 1333 2729 compositio,
1356 2692 1471 2729 quam
1493 2692 1550 2724 ea,
1574 2691 1663 2729 quae
1685 2684 1745 2716 est
1764 2679 1802 2716 in

327 2736 386 2772 his
408 2737 559 2776 verbis:
587 2743 705 2776 ταῦτα
725 2741 861 2790 πληροῖ
888 2743 934 2777 rc?
956 2743 1150 2795 λῃστήρια,
1178 2741 1278 2778 ταῦτ’
1298 2743 1352 2783 εἷς
1371 2745 1451 2779 etc.
1471 2746 1511 2778 et
1530 2741 1659 2778 statim
1688 2741 1805 2792 σφάτ-

327 2813 401 2834 τειν
429 2797 514 2841 τούς
534 2800 710 2846 πολίτας,
739 2802 930 2849 ὑπηρετεῖν
946 2808 1022 2839 etc.
1081 2802 1182 2845 Quae
1205 2801 1373 2852 denique
1392 2802 1569 2852 graviora
1590 2801 1710 2840 verba
1731 2801 1802 2839 eli-

325 2871 413 2908 gere
429 2860 560 2909 potuit
580 2868 724 2909 orator,
748 2875 864 2912 quam
887 2863 985 2909 haec,
1003 2877 1023 2900 e
1044 2863 1187 2913 quibus
1209 2863 1407 2902 difficilius
1427 2869 1485 2901 est
1505 2864 1661 2914 eligere,
1685 2877 1802 2915 quam

326 2921 496 2971 reperire
517 2923 660 2970 gravia.
718 2924 774 2961 Ex
805 2924 902 2962 locis
938 2924 1129 2962 similibus
1162 2938 1280 2963 unum
1308 2925 1440 2962 adhuc
1471 2925 1801 2969 commemorabo,

327 2982 394 3031 qui
414 2982 464 3020 ab
485 2983 620 3021 eadem
641 2985 783 3023 virtute
805 2986 1113 3024 commendatur.
1177 2987 1284 3025 Dicit
1307 2986 1442 3037 aliquo
1463 2987 1500 3025 in
1522 2988 1611 3026 loco
1637 2990 1686 3037 (κ.
1706 2988 1805 3033 Κτη-
