1982 3340
353 212 439 240 xxx
862 201 914 243 C.
948 201 996 244 F.
1030 202 1325 246 MATTHAEI

347 305 397 342 tis
418 305 559 343 multos
578 303 763 353 adfuisse,
786 308 855 357 qui
873 308 1089 359 probarent
1101 325 1113 355 ;
1142 309 1248 349 addo
1264 311 1396 357 etiam,
1419 310 1452 349 si
1470 312 1614 362 placet,
1636 326 1658 352 e
1673 313 1821 354 scurris

347 367 569 406 nonnullos.
626 367 705 406 Sed
725 368 875 407 alienus
897 375 957 408 est
982 370 1081 409 risus
1099 371 1150 410 ab
1179 372 1255 410 hoc
1282 373 1372 411 loco
1393 378 1433 411 et
1453 385 1475 410 a
1492 373 1661 422 priorum
1681 376 1821 414 verbo-

346 442 432 467 rum
452 431 655 480 gravitate.
711 430 860 469 Eodem
893 432 1011 470 modo
1037 434 1219 484 peccavit
1245 434 1283 472 iu
1308 435 1366 473 liis
1394 438 1447 485 (κ.
1473 435 1639 488 Τιμάρχ.
1667 442 1698 486 ξ.
1725 436 1823 487 m.)

346 492 487 535 πάντες
508 495 581 542 γάρ
602 494 649 531 ἂν
669 491 771 530 τοῦθ’
790 494 1101 546 ὁμολογήσαιμεν
1120 500 1197 534 etc.
1254 496 1408 535 Etenim
1429 502 1468 535 et
1488 497 1564 536 hoe
1585 499 1673 537 loco
1693 499 1819 550 impu-

345 552 518 591 dentiam
538 559 575 591 et
596 552 743 604 flagitia
762 553 1069 593 adversariorum
1091 556 1140 594 ad
1161 557 1281 595 risum
1303 559 1433 597 traxit.
1490 558 1569 597 Sed
1591 559 1685 597 talia
1711 573 1819 599 seve-

343 615 515 662 ritatem,
536 616 629 652 iram
660 620 700 653 et
728 615 862 654 odium
889 615 1080 667 flagitant.
1139 618 1310 669 Lepidus
1337 619 1402 658 ille
1435 620 1597 670 quidem
1622 620 1748 667 locus,
1779 628 1819 660 et

344 677 542 715 tractandi
580 677 779 725 sedulitas,
818 679 1086 729 repetitiones,
1125 680 1415 732 verborumque
1453 683 1599 722 abusus
1638 696 1818 735 magnam

344 739 576 778 suavitatem
595 739 777 788 afferunt,
807 740 877 778 sed
897 741 1096 780 honestati
1116 747 1155 779 et
1174 741 1322 781 decoro
1338 744 1615 794 posthabenda
1629 745 1819 796 jucundi-

344 807 418 839 tas.
474 802 565 852 Ipse
586 802 703 840 etiam
725 801 882 841 videtur
901 803 1221 842 animadvertisse
1249 805 1529 856 turpitudinem
1547 807 1615 854 rei,
1637 819 1754 858 quam
1776 813 1821 846 ut

343 869 562 911 excusaret,
589 864 758 912 addidit,
785 864 912 904 ἔπειτα
933 867 991 903 καὶ
1013 870 1081 911 τὴν
1100 865 1275 911 εὐήθειαν
1295 873 1358 905 τοῦ
1387 869 1507 917 λόγου
1535 872 1669 907 τούτου
1694 869 1822 920 ῥᾴδιόν

342 924 446 964 ἔστιν
465 925 649 973 ἐξετάσαι,
669 932 710 965 et
729 928 848 978 paulo
867 934 972 977 post,
992 930 1044 979 μὴ
1064 930 1141 979 γάρ
1160 929 1219 966 ὑπ’
1239 929 1327 980 ἐμοῦ
1346 932 1569 981 λεγόμενον,
1592 934 1696 969 α’λλὰ
1715 934 1818 980 γινό-

341 1003 458 1038 μενον
490 987 531 1026 τὸ
557 993 720 1040 πρᾶγμα
754 990 929 1041 νομίσαθ’
950 990 1057 1041 ὁρᾷν.
1116 989 1191 1028 His
1220 990 1327 1029 addo
1358 992 1433 1029 alia
1453 993 1637 1042 quaedam
1669 993 1821 1031 minora

341 1049 435 1088 vitia
459 1050 669 1090 verborum
691 1051 942 1102 singulorum.
1000 1052 1102 1090 Cum
1134 1051 1238 1090 enim
1273 1052 1322 1091 de
1353 1053 1563 1092 Timarcho
1590 1054 1701 1102 dicit,
1731 1069 1819 1094 eum

340 1111 457 1164 (ibid.
478 1121 510 1165 §-
530 1114 589 1162 ζ’.)
609 1115 904 1164 καταγελάστως
921 1118 1124 1167 κεχρῆσθαι
1143 1118 1192 1168 τῷ
1212 1118 1367 1168 σώματι,
1384 1130 1464 1155 non
1479 1116 1635 1156 videtur
1651 1118 1820 1169 indigni-

340 1179 461 1213 tatem
481 1176 536 1214 rei
557 1177 649 1214 satis
664 1177 806 1216 idoneo
823 1178 943 1216 verbo
961 1177 1198 1216 declarasse.
1254 1179 1398 1217 Melius
1418 1178 1584 1220 fortasse
1604 1185 1644 1218 et
1663 1181 1819 1231 gravius

341 1237 517 1284 dixisset,
539 1241 822 1291 α’ναισχύντως,
844 1238 1083 1293 ὑβριστικῶς,
1104 1245 1173 1278 aut
1198 1240 1276 1279 alio
1305 1241 1438 1279 modo.
1467 1242 1648 1280 *Rursus
1669 1242 1821 1281 comica

340 1301 523 1351 quaedam
540 1303 659 1341 verba
674 1303 899 1350 admiscuit,
921 1303 1040 1342 veluti
1059 1306 1111 1354 (κ.
1132 1307 1294 1356 Κτησιφ.
1316 1311 1347 1356 §-
1368 1304 1427 1342 οά.
1446 1303 1550 1354 init.)
1566 1303 1819 1354 βαλαντιοτό-

337 1379 436 1415 μοις,
456 1364 569 1414 (ibid.
590 1369 621 1413 ξ.
642 1365 723 1414 πγ’.
745 1365 831 1415 fin.)
851 1365 1053 1417 ἄνθρωπος
1080 1365 1116 1413 ἐξ
1134 1366 1330 1418 ὀνομάτων
1353 1370 1614 1419 συγκείμενος.
1673 1366 1821 1405 Similia

339 1431 440 1471 sunt,
462 1426 574 1475 (ibid.
595 1432 626 1476 ξ.
646 1428 717 1476 ξὴ.)
736 1428 877 1479 ῥήμασι
894 1431 961 1474 τὴν
976 1432 1171 1467 πολιτείαν
1191 1428 1300 1481 [τοὺς
1320 1429 1476 1480 νόμους]
1502 1430 1685 1480 α’ναιρεῖν.
1743 1429 1820 1467 Ar-

338 1494 434 1538 guta
453 1487 566 1526 nimis
588 1488 701 1527 haec:
732 1489 920 1542 ἐφθόνησέ
945 1507 1018 1542 μου
1038 1496 1123 1534 ταῖς
1147 1489 1362 1539 διαβολαῖς.
1419 1490 1585 1530 Temere
1605 1490 1761 1528 duobus
1781 1491 1820 1528 in

336 1549 433 1588 locis
462 1549 701 1588 inculcatum
734 1552 753 1587 ὁ
785 1554 852 1598 τὴν
874 1554 1054 1603 ἀνόμοιον
1085 1553 1185 1604 ἔχων
1213 1553 1445 1604 ἐπωνυμίαν.
1503 1551 1682 1590 Audacia
1709 1551 1820 1590 nimis

335 1610 448 1649 haec:
479 1613 535 1661 (π.
553 1611 808 1663 Παραπρεσβ.
833 1618 863 1662 ξ.
884 1615 945 1662 ιὲ.)
963 1612 1173 1665 φθέγγεται
1193 1613 1234 1651 τὸ
1251 1616 1379 1665 θηρίον
1397 1618 1504 1652 τοῦτο
1524 1617 1715 1664 προοίμιον
1737 1628 1820 1651 σκο-

332 1676 454 1714 τεινόν
473 1690 512 1713 τε
531 1676 590 1712 καὶ
606 1674 784 1721 τεθνηκὸς
801 1674 933 1724 δειλίᾳ.
990 1675 1031 1713 Si
1052 1675 1154 1713 enim
1171 1675 1209 1713 τὸ
1224 1676 1396 1721 τεθνηκὸς
1417 1675 1608 1714 referatur
1623 1673 1673 1712 ad
1693 1677 1819 1726 προοί-

332 1751 434 1786 μιον,
455 1741 499 1774 ut
514 1736 721 1774 verborum
743 1741 943 1773 structura
968 1736 1098 1785 jubet,
1119 1737 1278 1772 modum
1299 1749 1378 1773 non
1401 1737 1552 1781 tenuit;
1584 1736 1640 1773 sin
1669 1736 1720 1773 ad
1748 1735 1818 1783 8⁷1-

332 1800 429 1849 ρίον,
452 1797 565 1836 nimis
586 1805 648 1836 est
667 1797 876 1835 divulsum.
936 1796 1093 1847 Frigide
1113 1795 1290 1834 additum
1312 1797 1551 1835 vocabulum
1571 1804 1645 1836 τῶν
1672 1800 1816 1850 εἰρημέ-

333 1876 420 1898 νων.
441 1862 489 1908 (κ.
507 1860 670 1911 Κτησιφ.
690 1860 842 1911 §.71'7'.)
900 1858 942 1896 Si
971 1858 1076 1896 enim
1102 1864 1175 1911 τῶν
1202 1857 1386 1909 Σειρήνων
1407 1859 1638 1908 repetiisset,
1660 1859 1816 1909 elegan-

333 1922 411 1959 tius
432 1921 537 1960 haud
556 1921 677 1960 dubie
697 1920 848 1959 fuisset.
907 1920 1061 1958 Placuit
1078 1920 1182 1958 hunc
1204 1920 1334 1958 locum
1355 1920 1592 1967 adscribere,
1609 1925 1708 1967 tum,
1724 1921 1817 1971 quia

335 1984 490 2022 brevior
508 1990 581 2031 est,
603 1989 699 2030 tum,
718 1985 811 2034 quia
828 1983 884 2021 sic
900 1982 951 2020 de
973 1995 1020 2020 eo
1042 1981 1197 2020 facilius
1218 1982 1345 2020 lector
1359 1981 1544 2032 judicare
1564 1988 1712 2033 potest.
1751 1983 1814 2021 De

335 2047 606 2085 Demosthene
633 2046 751 2098 igitur
772 2045 895 2084 dicit:
927 2047 1101 2098 ἀφομοιοῖ
1121 2045 1197 2096 γάρ
1215 2061 1288 2096 μου
1306 2047 1374 2090 τὴν
1394 2048 1505 2097 φύσιν
1528 2050 1612 2088 ταῖς
1629 2045 1814 2097 Σειρῆσιν,

335 2113 385 2153 ὡς
400 2109 506 2148 ἐὀικε.
528 2112 588 2147 καὶ
609 2112 685 2159 γάρ
703 2110 763 2147 ὑπ’
783 2109 933 2146 ἐκείνων
955 2110 996 2145 οὒ
1018 2109 1212 2154 κηλεῖσθαί
1229 2115 1318 2159 φησι
1335 2107 1421 2150 τοὺς
1440 2108 1711 2159 ἀκροωμένους,
1729 2110 1816 2145 ἀλλ’

333 2171 594 2218 ἀπόλλυσθαι,
626 2171 749 2223 διόπερ
775 2173 840 2209 οὒκ
870 2170 1071 2222 εὐδοκιμεῖν
1091 2172 1157 2216 τὴν
1176 2176 1250 2207 τῶν
1271 2172 1475 2220 εἰρημένων
1493 2170 1687 2220 μουσικήν.
1743 2170 1815 2208 At-

335 2248 413 2285 que
435 2235 520 2273 haec
542 2234 580 2272 in
603 2234 793 2272 AEschine
815 2246 861 2270 eo
880 2231 1000 2282 magis
1019 2231 1112 2269 mira
1131 2230 1254 2269 videri
1273 2230 1433 2277 debent,
1449 2230 1540 2281 quia
1557 2230 1817 2269 Demostheni

333 2297 544 2335 verborum
564 2301 714 2348 πικρίαν
731 2302 769 2333 et
785 2297 1002 2346 περιεργίαν
1023 2292 1186 2344 objecit,
1207 2298 1247 2330 et
1267 2291 1305 2329 in
1322 2292 1528 2329 verborum
1550 2291 1709 2329 delectu
1729 2291 1814 2330 aliis

333 2359 374 2397 in
393 2359 491 2396 locis
512 2358 762 2395 vehementer
776 2355 948 2394 excellit,
1008 2354 1080 2392 His
1101 2353 1250 2392 addere
1270 2353 1386 2391 liceat
1406 2353 1563 2392 brevem
1583 2352 1815 2391 admonitio-

334 2434 421 2460 nem
435 2421 483 2459 de
498 2420 815 2471 repetitionibus,
833 2433 921 2470 quae
937 2419 1086 2457 crebrae
1105 2424 1196 2457 sunt
1216 2417 1374 2468 quidem
1391 2417 1498 2468 apud
1515 2431 1616 2466 eum,
1633 2419 1812 2457 excusari

333 2490 464 2523 tamen
484 2483 600 2521 facile
628 2489 807 2533 possunt.
863 2482 966 2519 Nam
987 2481 1027 2519 in
1048 2480 1305 2531 orationibus,
1334 2492 1423 2530 quae
1446 2485 1595 2518 tantum
1616 2480 1810 2530 leguntur,

333 2546 495 2584 taedium
527 2544 708 2583 afferunt.
764 2546 965 2582 Attentior
999 2542 1101 2581 enim
1134 2543 1259 2580 lector
1290 2541 1516 2592 indignatur
1544 2542 1616 2580 sibi
1646 2542 1810 2580 eandem

333 2621 416 2645 rem
438 2606 580 2657 saepius
601 2606 694 2644 dici.
751 2607 807 2642 At
827 2604 865 2642 in
886 2603 1132 2642 orationibus
1151 2603 1413 2654 judicialibus
1438 2608 1476 2641 et
1496 2603 1654 2641 omnino
1680 2604 1720 2640 in
1749 2605 1808 2650 iis,

335 2682 425 2720 quae
447 2669 652 2715 habentur,
672 2680 850 2719 magnam
871 2666 1020 2704 habent
1040 2666 1258 2712 utilitatem,
1276 2671 1315 2703 et
1331 2664 1500 2712 auditor,
1520 2665 1588 2715 qui
1603 2669 1662 2703 est
1680 2665 1810 2715 legen-

333 2732 436 2769 tibus
464 2729 738 2782 negligentior,
770 2742 816 2768 ea
842 2727 919 2766 fert
945 2727 1113 2766 facilius.
1174 2727 1403 2765 Memoriam
1429 2726 1531 2765 enim
1558 2726 1743 2776 adjuvant
1768 2732 1809 2768 et

327 2792 486 2843 judices
505 2793 554 2832 ad
576 2790 891 2844 cognoscendam
914 2802 1069 2830 causam
1091 2788 1264 2828 reddunt
1284 2787 1462 2829 idoneos.
