<?xml version="1.0" encoding="UTF-8"?>
<!DOCTYPE html PUBLIC "-//W3C//DTD XHTML 1.0 Transitional//EN"
    "http://www.w3.org/TR/xhtml1/DTD/xhtml1-transitional.dtd">
<html xmlns="http://www.w3.org/1999/xhtml" xml:lang="en" lang="en">
 <head>
  <title>
</title>
<meta http-equiv="Content-Type" content="text/html;charset=utf-8" />
  <meta name='ocr-system' content='tesseract 3.04.00' />
  <meta name='ocr-capabilities' content='ocr_page ocr_carea ocr_par ocr_line ocrx_word'/>
</head>
<body>
  <div class='ocr_page' id='page_1' title='image "./oratoresatticie12dobs/oratoresatticie12dobs_0568.png"; bbox 0 0 1916 3340; ppageno 0'>
   <div class='ocr_carea' id='block_1_1' title="bbox 340 191 1377 236">
    <p class='ocr_par' dir='ltr' id='par_1_1' title="bbox 340 191 1377 236">
     <span class='ocr_line' id='line_1_1' title="bbox 340 191 1377 236; baseline 0 -2"><span class='ocrx_word' id='word_1_1' title='bbox 340 191 395 235; x_wconf 84' lang='lat'><strong>42</strong></span> <span class='ocrx_word' id='word_1_2' title='bbox 769 192 966 236; x_wconf 89' lang='lat' dir='ltr'><strong>INDEX</strong></span> <span class='ocrx_word' id='word_1_3' title='bbox 999 191 1377 235; x_wconf 84' lang='lat' dir='ltr'>GRAECITATIS</span> 
     </span>
    </p>
   </div>
   <div class='ocr_carea' id='block_1_2' title="bbox 343 296 1054 598">
    <p class='ocr_par' dir='ltr' id='par_1_2' title="bbox 382 296 1054 507">
     <span class='ocr_line' id='line_1_2' title="bbox 382 296 1053 351; baseline 0.001 -22"><span class='ocrx_word' id='word_1_4' title='bbox 382 297 498 351; x_wconf 65' lang='grc' dir='ltr'><strong>χεσθαι</strong></span> <span class='ocrx_word' id='word_1_5' title='bbox 520 298 585 333; x_wconf 78' lang='grc' dir='ltr'><strong>τοὺς</strong></span> <span class='ocrx_word' id='word_1_6' title='bbox 606 296 735 350; x_wconf 63' lang='grc' dir='ltr'><strong>ἐχθρούς.</strong></span> <span class='ocrx_word' id='word_1_7' title='bbox 760 302 813 336; x_wconf 86' lang='grc'><strong>20,</strong></span> <span class='ocrx_word' id='word_1_8' title='bbox 828 303 880 331; x_wconf 83' lang='grc'><strong>22.</strong></span> <span class='ocrx_word' id='word_1_9' title='bbox 911 298 1053 331; x_wconf 74' lang='grc' dir='ltr'><strong><em>πιστεύειν</em></strong></span> 
     </span>
     <span class='ocr_line' id='line_1_3' title="bbox 383 340 1052 382; baseline 0 -10"><span class='ocrx_word' id='word_1_10' title='bbox 383 341 427 381; x_wconf 75' lang='grc' dir='ltr'><strong>τᾷί</strong></span> <span class='ocrx_word' id='word_1_11' title='bbox 439 340 491 381; x_wconf 83' lang='grc' dir='ltr'><strong>βίῳ</strong></span> <span class='ocrx_word' id='word_1_12' title='bbox 505 344 562 373; x_wconf 80' lang='grc' dir='ltr'><strong>τῶν</strong></span> <span class='ocrx_word' id='word_1_13' title='bbox 573 341 729 382; x_wconf 80' lang='grc' dir='ltr'><strong>κρινομένων</strong></span> <span class='ocrx_word' id='word_1_14' title='bbox 742 345 867 382; x_wconf 73' lang='grc' dir='ltr'><strong>μ’ἄλλον,</strong></span> <span class='ocrx_word' id='word_1_15' title='bbox 882 356 897 374; x_wconf 89' lang='grc' dir='ltr'><strong>η</strong></span> <span class='ocrx_word' id='word_1_16' title='bbox 913 355 980 376; x_wconf 87' lang='grc' dir='ltr'><strong>ταις</strong></span> <span class='ocrx_word' id='word_1_17' title='bbox 994 354 1052 374; x_wconf 90' lang='grc' dir='ltr'><strong>πα-</strong></span> 
     </span>
     <span class='ocr_line' id='line_1_4' title="bbox 384 383 1053 436; baseline 0.001 -22"><span class='ocrx_word' id='word_1_18' title='bbox 384 386 418 424; x_wconf 70' lang='grc' dir='ltr'><strong>ρὰ</strong></span> <span class='ocrx_word' id='word_1_19' title='bbox 429 387 482 415; x_wconf 88' lang='grc' dir='ltr'><strong>τῶν</strong></span> <span class='ocrx_word' id='word_1_20' title='bbox 488 383 596 436; x_wconf 77' lang='grc' dir='ltr'>ἐχθρῶν</span> <span class='ocrx_word' id='word_1_21' title='bbox 607 384 795 427; x_wconf 73' lang='grc' dir='ltr'><strong>κατηγορίαις.</strong></span> <span class='ocrx_word' id='word_1_22' title='bbox 810 389 862 422; x_wconf 82' lang='grc'><strong>28,</strong></span> <span class='ocrx_word' id='word_1_23' title='bbox 877 388 928 417; x_wconf 89' lang='grc'><strong>23.</strong></span> <span class='ocrx_word' id='word_1_24' title='bbox 951 388 1010 420; x_wconf 84' lang='grc' dir='ltr'><strong>πῶς</strong></span> <span class='ocrx_word' id='word_1_25' title='bbox 1025 386 1053 416; x_wconf 78' lang='grc' dir='ltr'><strong>οὔ</strong></span> 
     </span>
     <span class='ocr_line' id='line_1_5' title="bbox 384 426 1054 469; baseline 0.003 -12"><span class='ocrx_word' id='word_1_26' title='bbox 384 426 462 457; x_wconf 78' lang='grc' dir='ltr'><strong>δεινὸν</strong></span> <span class='ocrx_word' id='word_1_27' title='bbox 486 426 592 469; x_wconf 63' lang='grc' dir='ltr'><strong>ἐχθρου</strong></span> <span class='ocrx_word' id='word_1_28' title='bbox 618 428 778 469; x_wconf 62' lang='grc' dir='ltr'><strong>’πρόσωπον</strong></span> <span class='ocrx_word' id='word_1_29' title='bbox 798 428 914 463; x_wconf 77' lang='grc' dir='ltr'>βλέπειν</span> <span class='ocrx_word' id='word_1_30' title='bbox 934 428 1054 468; x_wconf 79' lang='grc' dir='ltr'><strong>ἐπεγγε-</strong></span> 
     </span>
     <span class='ocr_line' id='line_1_6' title="bbox 386 472 634 507; baseline 0.008 -8"><span class='ocrx_word' id='word_1_31' title='bbox 386 472 498 505; x_wconf 84' lang='grc' dir='ltr'><strong>λῶντος.</strong></span> <span class='ocrx_word' id='word_1_32' title='bbox 512 472 565 507; x_wconf 86' lang='grc'><strong>52,</strong></span> <span class='ocrx_word' id='word_1_33' title='bbox 583 473 634 502; x_wconf 82' lang='grc'><strong>28.</strong></span> 
     </span>
    </p>

    <p class='ocr_par' dir='ltr' id='par_1_3' title="bbox 344 511 740 566">
     <span class='ocr_line' id='line_1_7' title="bbox 344 511 740 566; baseline 0 -22"><span class='ocrx_word' id='word_1_34' title='bbox 344 511 429 544; x_wconf 65' lang='grc' dir='ltr'><strong>ἔωθεν</strong></span> <span class='ocrx_word' id='word_1_35' title='bbox 444 514 639 566; x_wconf 75' lang='grc' dir='ltr'>σχετλιάζειν.</span> <span class='ocrx_word' id='word_1_36' title='bbox 655 517 740 550; x_wconf 87' lang='grc'><strong>49,1</strong></span> 
     </span>
    </p>

    <p class='ocr_par' dir='ltr' id='par_1_4' title="bbox 343 555 805 598">
     <span class='ocr_line' id='line_1_8' title="bbox 343 555 805 598; baseline 0.004 -11"><span class='ocrx_word' id='word_1_37' title='bbox 343 555 394 592; x_wconf 83' lang='grc' dir='ltr'><strong>ἕως</strong></span> <span class='ocrx_word' id='word_1_38' title='bbox 409 557 534 598; x_wconf 72' lang='grc' dir='ltr'><strong>ἀντηρκει</strong></span> <span class='ocrx_word' id='word_1_39' title='bbox 550 559 564 589; x_wconf 90' lang='grc' dir='ltr'><strong>ἡ</strong></span> <span class='ocrx_word' id='word_1_40' title='bbox 578 556 668 588; x_wconf 81' lang='grc' dir='ltr'><strong>οὐσία.</strong></span> <span class='ocrx_word' id='word_1_41' title='bbox 686 559 738 594; x_wconf 85' lang='grc'><strong>13,</strong></span> <span class='ocrx_word' id='word_1_42' title='bbox 753 560 805 589; x_wconf 86' lang='grc'><strong>31.</strong></span> 
     </span>
    </p>
   </div>
   <div class='ocr_carea' id='block_1_3' title="bbox 683 687 718 716">
    <p class='ocr_par' dir='ltr' id='par_1_5' title="bbox 683 687 718 716">
     <span class='ocr_line' id='line_1_9' title="bbox 683 687 718 716; baseline -0.029 0"><span class='ocrx_word' id='word_1_43' title='bbox 683 687 718 716; x_wconf 87' lang='grc' dir='ltr'><strong>Ζ.</strong></span> 
     </span>
    </p>
   </div>
   <div class='ocr_carea' id='block_1_4' title="bbox 344 769 1067 1459">
    <p class='ocr_par' dir='ltr' id='par_1_6' title="bbox 344 769 1060 846">
     <span class='ocr_line' id='line_1_10' title="bbox 344 769 1060 814; baseline 0.001 -14"><span class='ocrx_word' id='word_1_44' title='bbox 344 769 489 810; x_wconf 79' lang='grc' dir='ltr'><strong><em>ζευγνύειν,</em></strong></span> <span class='ocrx_word' id='word_1_45' title='bbox 509 775 605 811; x_wconf 84' lang='lat' dir='ltr'><strong>ponte</strong></span> <span class='ocrx_word' id='word_1_46' title='bbox 623 772 766 814; x_wconf 85' lang='lat' dir='ltr'><strong>jungere.</strong></span> <span class='ocrx_word' id='word_1_47' title='bbox 787 772 800 802; x_wconf 79' lang='grc' dir='ltr'>ὅ</span> <span class='ocrx_word' id='word_1_48' title='bbox 819 771 918 812; x_wconf 77' lang='grc' dir='ltr'><strong>ζεύξας</strong></span> <span class='ocrx_word' id='word_1_49' title='bbox 936 770 983 803; x_wconf 75' lang='grc' dir='ltr'><strong>τὸν</strong></span> <span class='ocrx_word' id='word_1_50' title='bbox 996 770 1060 802; x_wconf 84' lang='grc' dir='ltr'><strong>Ελ-</strong></span> 
     </span>
     <span class='ocr_line' id='line_1_11' title="bbox 392 813 688 850; baseline 0.018 -8"><span class='ocrx_word' id='word_1_51' title='bbox 392 813 554 844; x_wconf 73' lang='grc' dir='ltr'><strong>λῆσποντον.</strong></span> <span class='ocrx_word' id='word_1_52' title='bbox 566 816 620 850; x_wconf 88' lang='grc'><strong>72,</strong></span> <span class='ocrx_word' id='word_1_53' title='bbox 635 818 688 846; x_wconf 95' lang='grc'><strong>26.</strong></span> 
     </span>
    </p>

    <p class='ocr_par' dir='ltr' id='par_1_7' title="bbox 347 855 1062 970">
     <span class='ocr_line' id='line_1_12' title="bbox 347 855 1061 898; baseline 0.004 -13"><span class='ocrx_word' id='word_1_54' title='bbox 347 855 454 896; x_wconf 77' lang='grc' dir='ltr'><strong>ζευγος]</strong></span> <span class='ocrx_word' id='word_1_55' title='bbox 486 857 563 896; x_wconf 53' lang='lat' dir='ltr'><strong>&amp;gana</strong></span> <span class='ocrx_word' id='word_1_56' title='bbox 593 856 673 897; x_wconf 78' lang='grc' dir='ltr'><strong>ζεύγη</strong></span> <span class='ocrx_word' id='word_1_57' title='bbox 703 857 894 898; x_wconf 61' lang='grc' dir='ltr'><strong>μισθουσ-ὒαι.</strong></span> <span class='ocrx_word' id='word_1_58' title='bbox 925 860 979 894; x_wconf 85' lang='grc'><strong>42,</strong></span> <span class='ocrx_word' id='word_1_59' title='bbox 1008 860 1061 889; x_wconf 92' lang='grc'><strong>36.</strong></span> 
     </span>
     <span class='ocr_line' id='line_1_13' title="bbox 389 899 1062 942; baseline 0.004 -14"><span class='ocrx_word' id='word_1_60' title='bbox 389 899 465 938; x_wconf 74' lang='grc' dir='ltr'><strong>ὀρικὰ</strong></span> <span class='ocrx_word' id='word_1_61' title='bbox 483 899 564 940; x_wconf 76' lang='grc' dir='ltr'><strong>ζεύγη</strong></span> <span class='ocrx_word' id='word_1_62' title='bbox 585 900 648 942; x_wconf 83' lang='grc' dir='ltr'><strong>τρία</strong></span> <span class='ocrx_word' id='word_1_63' title='bbox 671 902 768 938; x_wconf 77' lang='grc' dir='ltr'><strong>αὐτοῖς</strong></span> <span class='ocrx_word' id='word_1_64' title='bbox 788 901 992 942; x_wconf 65' lang='grc' dir='ltr'><strong>ἐμισθώσατο.</strong></span> <span class='ocrx_word' id='word_1_65' title='bbox 1009 903 1062 936; x_wconf 78' lang='lat'><strong>64,</strong></span> 
     </span>
     <span class='ocr_line' id='line_1_14' title="bbox 393 943 447 970; baseline 0 0"><span class='ocrx_word' id='word_1_66' title='bbox 393 943 447 970; x_wconf 84' lang='grc'><strong>30.</strong></span> 
     </span>
    </p>

    <p class='ocr_par' dir='ltr' id='par_1_8' title="bbox 345 983 1066 1066">
     <span class='ocr_line' id='line_1_15' title="bbox 345 983 1064 1026; baseline 0 -12"><span class='ocrx_word' id='word_1_67' title='bbox 345 983 525 1023; x_wconf 74' lang='grc' dir='ltr'><strong>ζηλοτυπεῖν.</strong></span> <span class='ocrx_word' id='word_1_68' title='bbox 543 987 573 1021; x_wconf 88' lang='grc'><strong>9,</strong></span> <span class='ocrx_word' id='word_1_69' title='bbox 598 989 629 1016; x_wconf 87' lang='grc'><strong>4.</strong></span> <span class='ocrx_word' id='word_1_70' title='bbox 654 985 828 1025; x_wconf 77' lang='grc' dir='ltr'><strong><em>ζηλοτυποῦν</em></strong></span> <span class='ocrx_word' id='word_1_71' title='bbox 843 988 940 1026; x_wconf 77' lang='grc' dir='ltr'><strong>ἇρετὴν</strong></span> <span class='ocrx_word' id='word_1_72' title='bbox 954 985 1064 1025; x_wconf 64' lang='grc' dir='ltr'><strong>κάθαρ-</strong></span> 
     </span>
     <span class='ocr_line' id='line_1_16' title="bbox 388 1028 1066 1066; baseline 0.003 -10"><span class='ocrx_word' id='word_1_73' title='bbox 388 1038 447 1066; x_wconf 87' lang='grc' dir='ltr'><strong>μα,</strong></span> <span class='ocrx_word' id='word_1_74' title='bbox 456 1028 600 1059; x_wconf 82' lang='lat' dir='ltr'><strong>virtutem</strong></span> <span class='ocrx_word' id='word_1_75' title='bbox 611 1030 768 1064; x_wconf 83' lang='lat' dir='ltr'>simulans,</span> <span class='ocrx_word' id='word_1_76' title='bbox 779 1029 941 1060; x_wconf 80' lang='lat' dir='ltr'><strong>affectans.</strong></span> <span class='ocrx_word' id='word_1_77' title='bbox 952 1032 1005 1065; x_wconf 81' lang='grc'><strong>84,</strong></span> <span class='ocrx_word' id='word_1_78' title='bbox 1015 1032 1066 1060; x_wconf 94' lang='grc'><strong>15.</strong></span> 
     </span>
    </p>

    <p class='ocr_par' dir='ltr' id='par_1_9' title="bbox 348 1069 1065 1149">
     <span class='ocr_line' id='line_1_17' title="bbox 348 1069 1065 1114; baseline 0.001 -15"><span class='ocrx_word' id='word_1_79' title='bbox 348 1069 526 1112; x_wconf 80' lang='grc' dir='ltr'>ζηλοτυπία]</span> <span class='ocrx_word' id='word_1_80' title='bbox 551 1071 717 1112; x_wconf 63' lang='grc' dir='ltr'><strong>ζηλοτυπία</strong></span> <span class='ocrx_word' id='word_1_81' title='bbox 743 1071 811 1113; x_wconf 76' lang='grc' dir='ltr'><strong>ὑπὲρ</strong></span> <span class='ocrx_word' id='word_1_82' title='bbox 836 1074 886 1107; x_wconf 68' lang='grc' dir='ltr'><strong>τῆς</strong></span> <span class='ocrx_word' id='word_1_83' title='bbox 901 1071 1065 1114; x_wconf 78' lang='grc' dir='ltr'><strong>δωροδοκίας.</strong></span> 
     </span>
     <span class='ocr_line' id='line_1_18' title="bbox 393 1114 519 1149; baseline 0.008 -6"><span class='ocrx_word' id='word_1_84' title='bbox 393 1114 448 1149; x_wconf 90' lang='grc'><strong>65,</strong></span> <span class='ocrx_word' id='word_1_85' title='bbox 466 1116 519 1144; x_wconf 88' lang='grc'><strong>16.</strong></span> 
     </span>
    </p>

    <p class='ocr_par' dir='ltr' id='par_1_10' title="bbox 348 1154 1066 1285">
     <span class='ocr_line' id='line_1_19' title="bbox 348 1154 1065 1198; baseline 0.003 -12"><span class='ocrx_word' id='word_1_86' title='bbox 348 1154 460 1197; x_wconf 76' lang='grc' dir='ltr'><strong>ζηλοῦν]</strong></span> <span class='ocrx_word' id='word_1_87' title='bbox 484 1156 629 1198; x_wconf 64' lang='grc' dir='ltr'><strong>διατριξας</strong></span> <span class='ocrx_word' id='word_1_88' title='bbox 641 1157 842 1198; x_wconf 59' lang='grc' dir='ltr'><strong>Δημοσθένους</strong></span> <span class='ocrx_word' id='word_1_89' title='bbox 857 1158 906 1188; x_wconf 79' lang='grc' dir='ltr'><strong>οὐκ</strong></span> <span class='ocrx_word' id='word_1_90' title='bbox 926 1156 1065 1197; x_wconf 70' lang='grc' dir='ltr'><strong>ἐζήλωκα.</strong></span> 
     </span>
     <span class='ocr_line' id='line_1_20' title="bbox 393 1199 1066 1241; baseline 0.003 -12"><span class='ocrx_word' id='word_1_91' title='bbox 393 1199 446 1236; x_wconf 86' lang='grc'><strong>85,</strong></span> <span class='ocrx_word' id='word_1_92' title='bbox 463 1201 493 1230; x_wconf 90' lang='grc'><strong>3.</strong></span> <span class='ocrx_word' id='word_1_93' title='bbox 510 1199 805 1241; x_wconf 54' lang='lat' dir='ltr'><strong>(nmb‘minvidentia</strong></span> <span class='ocrx_word' id='word_1_94' title='bbox 822 1207 853 1232; x_wconf 88' lang='lat' dir='ltr'><strong>et</strong></span> <span class='ocrx_word' id='word_1_95' title='bbox 869 1201 1066 1232; x_wconf 85' lang='lat' dir='ltr'><strong>aemulatione</strong></span> 
     </span>
     <span class='ocr_line' id='line_1_21' title="bbox 395 1242 836 1285; baseline 0.012 -13"><span class='ocrx_word' id='word_1_96' title='bbox 395 1242 514 1283; x_wconf 83' lang='lat' dir='ltr'><strong>aliquid</strong></span> <span class='ocrx_word' id='word_1_97' title='bbox 530 1245 701 1285; x_wconf 80' lang='lat' dir='ltr'><strong>exagitare.</strong></span> <span class='ocrx_word' id='word_1_98' title='bbox 717 1248 770 1281; x_wconf 88' lang='lat'><strong>86,</strong></span> <span class='ocrx_word' id='word_1_99' title='bbox 783 1249 836 1276; x_wconf 82' lang='grc'><strong>24</strong></span> 
     </span>
    </p>

    <p class='ocr_par' dir='ltr' id='par_1_11' title="bbox 351 1283 1067 1371">
     <span class='ocr_line' id='line_1_22' title="bbox 351 1283 1067 1329; baseline 0.001 -13"><span class='ocrx_word' id='word_1_100' title='bbox 351 1283 489 1328; x_wconf 75' lang='grc' dir='ltr'><strong>ζήλωμα]</strong></span> <span class='ocrx_word' id='word_1_101' title='bbox 514 1288 554 1317; x_wconf 69' lang='grc' dir='ltr'><strong>τὰ</strong></span> <span class='ocrx_word' id='word_1_102' title='bbox 576 1291 630 1317; x_wconf 81' lang='grc' dir='ltr'><strong>τῶν</strong></span> <span class='ocrx_word' id='word_1_103' title='bbox 643 1286 704 1318; x_wconf 80' lang='grc' dir='ltr'><strong>νέων</strong></span> <span class='ocrx_word' id='word_1_104' title='bbox 726 1286 920 1329; x_wconf 75' lang='grc' dir='ltr'><strong>ζηλωματα’</strong></span> <span class='ocrx_word' id='word_1_105' title='bbox 910 1285 956 1318; x_wconf 71' lang='grc' dir='ltr'><strong>εντ’</strong></span> <span class='ocrx_word' id='word_1_106' title='bbox 970 1287 1067 1328; x_wconf 74' lang='grc' dir='ltr'><strong>ἄρετὴν</strong></span> 
     </span>
     <span class='ocr_line' id='line_1_23' title="bbox 396 1328 754 1371; baseline 0.009 -12"><span class='ocrx_word' id='word_1_107' title='bbox 396 1328 686 1371; x_wconf 67' lang='grc' dir='ltr'><strong>ωροτρὲψασθε.27,</strong></span> <span class='ocrx_word' id='word_1_108' title='bbox 702 1335 754 1363; x_wconf 93' lang='grc'><strong>13.</strong></span> 
     </span>
    </p>

    <p class='ocr_par' dir='ltr' id='par_1_12' title="bbox 350 1369 1066 1458">
     <span class='ocr_line' id='line_1_24' title="bbox 350 1369 1066 1414; baseline 0.003 -12"><span class='ocrx_word' id='word_1_109' title='bbox 350 1369 478 1410; x_wconf 69' lang='grc' dir='ltr'><strong>ζηλωτὴς</strong></span> <span class='ocrx_word' id='word_1_110' title='bbox 499 1385 551 1407; x_wconf 85' lang='grc' dir='ltr'><strong>της</strong></span> <span class='ocrx_word' id='word_1_111' title='bbox 570 1372 679 1408; x_wconf 85' lang='grc' dir='ltr'><strong>ἡλικίας</strong></span> <span class='ocrx_word' id='word_1_112' title='bbox 697 1373 851 1414; x_wconf 84' lang='grc' dir='ltr'><strong>μειρακίου.</strong></span> <span class='ocrx_word' id='word_1_113' title='bbox 874 1376 927 1409; x_wconf 86' lang='grc'><strong>50,</strong></span> <span class='ocrx_word' id='word_1_114' title='bbox 943 1376 995 1404; x_wconf 86' lang='grc'><strong>26.</strong></span> <span class='ocrx_word' id='word_1_115' title='bbox 1018 1372 1066 1412; x_wconf 81' lang='grc' dir='ltr'><strong>ζη-</strong></span> 
     </span>
     <span class='ocr_line' id='line_1_25' title="bbox 393 1416 1067 1459; baseline 0.003 -15"><span class='ocrx_word' id='word_1_116' title='bbox 393 1416 486 1448; x_wconf 75' lang='grc' dir='ltr'><strong>λωτὴς</strong></span> <span class='ocrx_word' id='word_1_117' title='bbox 500 1418 555 1445; x_wconf 83' lang='grc' dir='ltr'><strong>τῶν</strong></span> <span class='ocrx_word' id='word_1_118' title='bbox 573 1419 666 1447; x_wconf 86' lang='grc' dir='ltr'><strong>καλῶν</strong></span> <span class='ocrx_word' id='word_1_119' title='bbox 685 1417 726 1459; x_wconf 64' lang='grc' dir='ltr'><strong>τῇ</strong></span> <span class='ocrx_word' id='word_1_120' title='bbox 743 1417 831 1447; x_wconf 65' lang='grc' dir='ltr'><strong>πόλει</strong></span> <span class='ocrx_word' id='word_1_121' title='bbox 853 1416 1067 1458; x_wconf 76' lang='grc' dir='ltr'><strong>βουλευμάτων.</strong></span> 
     </span>
    </p>
   </div>
   <div class='ocr_carea' id='block_1_5' title="bbox 396 1458 498 1494">
    <p class='ocr_par' dir='ltr' id='par_1_13' title="bbox 396 1458 498 1494">
     <span class='ocr_line' id='line_1_26' title="bbox 396 1458 498 1494; baseline 0.011 -7"><span class='ocrx_word' id='word_1_122' title='bbox 396 1458 498 1494; x_wconf 89' lang='grc'><strong>51,.8</strong></span> 
     </span>
    </p>
   </div>
   <div class='ocr_carea' id='block_1_6' title="bbox 351 1497 1072 1931">
    <p class='ocr_par' dir='ltr' id='par_1_14' title="bbox 351 1497 1068 1574">
     <span class='ocr_line' id='line_1_27' title="bbox 351 1497 1068 1544; baseline 0.004 -14"><span class='ocrx_word' id='word_1_123' title='bbox 351 1497 457 1542; x_wconf 77' lang='grc' dir='ltr'><strong>ζημία]</strong></span> <span class='ocrx_word' id='word_1_124' title='bbox 482 1500 685 1541; x_wconf 87' lang='grc' dir='ltr'><strong>παραιτεισθαι</strong></span> <span class='ocrx_word' id='word_1_125' title='bbox 702 1503 757 1536; x_wconf 74' lang='grc' dir='ltr'><strong>τὰς</strong></span> <span class='ocrx_word' id='word_1_126' title='bbox 770 1500 875 1543; x_wconf 78' lang='grc' dir='ltr'><strong><em>ζημίας</em></strong></span> <span class='ocrx_word' id='word_1_127' title='bbox 895 1501 972 1544; x_wconf 62' lang='grc' dir='ltr'><strong>ὑπὲρ</strong></span> <span class='ocrx_word' id='word_1_128' title='bbox 986 1514 1068 1538; x_wconf 90' lang='grc' dir='ltr'><strong>τινος.</strong></span> 
     </span>
     <span class='ocr_line' id='line_1_28' title="bbox 398 1545 521 1579; baseline -0.009 -5"><span class='ocrx_word' id='word_1_129' title='bbox 398 1545 454 1579; x_wconf 85' lang='grc'><strong>30,</strong></span> <span class='ocrx_word' id='word_1_130' title='bbox 468 1545 521 1574; x_wconf 88' lang='grc'><strong>31.</strong></span> 
     </span>
    </p>

    <p class='ocr_par' dir='ltr' id='par_1_15' title="bbox 352 1584 1071 1748">
     <span class='ocr_line' id='line_1_29' title="bbox 352 1584 1069 1630; baseline 0.004 -15"><span class='ocrx_word' id='word_1_131' title='bbox 352 1584 481 1628; x_wconf 78' lang='grc' dir='ltr'><strong>ζημιουν]</strong></span> <span class='ocrx_word' id='word_1_132' title='bbox 506 1585 620 1618; x_wconf 79' lang='grc' dir='ltr'><strong>ἐκπλειν</strong></span> <span class='ocrx_word' id='word_1_133' title='bbox 632 1587 714 1628; x_wconf 85' lang='grc' dir='ltr'><strong>μόνος</strong></span> <span class='ocrx_word' id='word_1_134' title='bbox 728 1589 766 1623; x_wconf 85' lang='grc' dir='ltr'><strong>εἷς</strong></span> <span class='ocrx_word' id='word_1_135' title='bbox 782 1588 877 1629; x_wconf 79' lang='grc' dir='ltr'><strong>Σάμον</strong></span> <span class='ocrx_word' id='word_1_136' title='bbox 890 1586 1069 1630; x_wconf 77' lang='grc' dir='ltr'><strong>ἐγχειρήσας,</strong></span> 
     </span>
     <span class='ocr_line' id='line_1_30' title="bbox 395 1629 1070 1672; baseline 0.007 -15"><span class='ocrx_word' id='word_1_137' title='bbox 395 1629 570 1671; x_wconf 74' lang='grc' dir='ltr'><strong>αὖθῆμερον</strong></span> <span class='ocrx_word' id='word_1_138' title='bbox 560 1630 614 1661; x_wconf 75' lang='grc' dir='ltr'><strong>υπὸ</strong></span> <span class='ocrx_word' id='word_1_139' title='bbox 627 1643 677 1667; x_wconf 86' lang='grc' dir='ltr'><strong>της</strong></span> <span class='ocrx_word' id='word_1_140' title='bbox 697 1631 728 1671; x_wconf 73' lang='grc' dir='ltr'><strong>ἐξ</strong></span> <span class='ocrx_word' id='word_1_141' title='bbox 750 1630 836 1672; x_wconf 69' lang='grc' dir='ltr'><strong>ἱερείου</strong></span> <span class='ocrx_word' id='word_1_142' title='bbox 857 1633 950 1670; x_wconf 76' lang='grc' dir='ltr'><strong>πάγου</strong></span> <span class='ocrx_word' id='word_1_143' title='bbox 971 1632 1070 1666; x_wconf 71' lang='grc' dir='ltr'><strong>βουλῆς</strong></span> 
     </span>
     <span class='ocr_line' id='line_1_31' title="bbox 395 1672 1071 1716; baseline 0.006 -15"><span class='ocrx_word' id='word_1_144' title='bbox 395 1672 432 1707; x_wconf 81' lang='grc' dir='ltr'><strong>ὡς</strong></span> <span class='ocrx_word' id='word_1_145' title='bbox 446 1673 578 1713; x_wconf 77' lang='grc' dir='ltr'><strong>προδότης</strong></span> <span class='ocrx_word' id='word_1_146' title='bbox 598 1677 650 1709; x_wconf 76' lang='grc' dir='ltr'><strong>τῆς</strong></span> <span class='ocrx_word' id='word_1_147' title='bbox 670 1674 801 1715; x_wconf 74' lang='grc' dir='ltr'><strong>πατρίδος</strong></span> <span class='ocrx_word' id='word_1_148' title='bbox 815 1675 934 1715; x_wconf 67' lang='grc' dir='ltr'><strong>θανάτῳ</strong></span> <span class='ocrx_word' id='word_1_149' title='bbox 949 1674 1071 1716; x_wconf 80' lang='grc' dir='ltr'><strong>ἐζημιώ-</strong></span> 
     </span>
     <span class='ocr_line' id='line_1_32' title="bbox 396 1713 574 1768; baseline 0.024 -24"><span class='ocrx_word' id='word_1_150' title='bbox 396 1713 439 1746; x_wconf 87' lang='grc' dir='ltr'><strong>θη.</strong></span> <span class='ocrx_word' id='word_1_151' title='bbox 452 1719 504 1752; x_wconf 88' lang='grc'><strong>89,</strong></span> <span class='ocrx_word' id='word_1_152' title='bbox 521 1719 574 1768; x_wconf 78' lang='grc'><strong>34.</strong></span> 
     </span>
    </p>

    <p class='ocr_par' dir='ltr' id='par_1_16' title="bbox 357 1756 1072 1931">
     <span class='ocr_line' id='line_1_33' title="bbox 357 1756 1071 1801; baseline 0.004 -13"><span class='ocrx_word' id='word_1_153' title='bbox 357 1756 418 1799; x_wconf 67' lang='grc' dir='ltr'><strong>ζῇν]</strong></span> <span class='ocrx_word' id='word_1_154' title='bbox 443 1758 530 1790; x_wconf 79' lang='grc' dir='ltr'><strong>ταῦτ’</strong></span> <span class='ocrx_word' id='word_1_155' title='bbox 551 1759 606 1798; x_wconf 78' lang='grc' dir='ltr'><strong>ἐγὼ</strong></span> <span class='ocrx_word' id='word_1_156' title='bbox 632 1760 705 1800; x_wconf 69' lang='grc' dir='ltr'><strong>λόγῳ</strong></span> <span class='ocrx_word' id='word_1_157' title='bbox 726 1760 805 1801; x_wconf 80' lang='grc' dir='ltr'><strong>μόνον</strong></span> <span class='ocrx_word' id='word_1_158' title='bbox 827 1763 927 1801; x_wconf 84' lang='grc' dir='ltr'><strong>σαφῶς</strong></span> <span class='ocrx_word' id='word_1_159' title='bbox 956 1760 981 1791; x_wconf 80' lang='grc' dir='ltr'><strong>ἓν</strong></span> <span class='ocrx_word' id='word_1_160' title='bbox 1003 1762 1071 1801; x_wconf 79' lang='grc' dir='ltr'><strong>ὑμῖν</strong></span> 
     </span>
     <span class='ocr_line' id='line_1_34' title="bbox 397 1802 1070 1845; baseline 0.004 -14"><span class='ocrx_word' id='word_1_161' title='bbox 397 1802 485 1832; x_wconf 76' lang='grc' dir='ltr'><strong>εἰπεῖν</strong></span> <span class='ocrx_word' id='word_1_162' title='bbox 500 1803 548 1833; x_wconf 81' lang='grc' dir='ltr'><strong>οὐκ</strong></span> <span class='ocrx_word' id='word_1_163' title='bbox 573 1803 606 1833; x_wconf 74' lang='grc' dir='ltr'><strong>ἂν</strong></span> <span class='ocrx_word' id='word_1_164' title='bbox 627 1802 764 1844; x_wconf 74' lang='grc' dir='ltr'><strong>ἐδεξάμην</strong></span> <span class='ocrx_word' id='word_1_165' title='bbox 789 1804 849 1845; x_wconf 70' lang='grc' dir='ltr'><strong>ζῇν,</strong></span> <span class='ocrx_word' id='word_1_166' title='bbox 872 1806 967 1836; x_wconf 87' lang='lat' dir='ltr'><strong>vitam</strong></span> <span class='ocrx_word' id='word_1_167' title='bbox 986 1805 1070 1834; x_wconf 85' lang='lat' dir='ltr'><strong>haud</strong></span> 
     </span>
     <span class='ocr_line' id='line_1_35' title="bbox 397 1846 1071 1887; baseline 0.003 -12"><span class='ocrx_word' id='word_1_168' title='bbox 397 1855 546 1882; x_wconf 87' lang='lat' dir='ltr'><strong><em>meruero,</em></strong></span> <span class='ocrx_word' id='word_1_169' title='bbox 575 1846 753 1887; x_wconf 80' lang='lat' dir='ltr'><strong>(repudiem</strong></span> <span class='ocrx_word' id='word_1_170' title='bbox 779 1848 914 1878; x_wconf 83' lang='lat' dir='ltr'><strong>oblatam</strong></span> <span class='ocrx_word' id='word_1_171' title='bbox 943 1848 1071 1878; x_wconf 84' lang='lat' dir='ltr'><strong>vivendi</strong></span> 
     </span>
     <span class='ocr_line' id='line_1_36' title="bbox 397 1889 1072 1931; baseline 0.003 -13"><span class='ocrx_word' id='word_1_172' title='bbox 397 1889 611 1919; x_wconf 80' lang='lat' dir='ltr'><strong>conditionem</strong></span> <span class='ocrx_word' id='word_1_173' title='bbox 622 1891 773 1930; x_wconf 83' lang='lat' dir='ltr'><strong><em>accipere,</em></strong></span> <span class='ocrx_word' id='word_1_174' title='bbox 784 1891 814 1919; x_wconf 93' lang='lat' dir='ltr'><strong>h.</strong></span> <span class='ocrx_word' id='word_1_175' title='bbox 824 1901 852 1920; x_wconf 85' lang='lat' dir='ltr'><strong>e.</strong></span> <span class='ocrx_word' id='word_1_176' title='bbox 863 1891 938 1920; x_wconf 84' lang='lat' dir='ltr'><strong>mori</strong></span> <span class='ocrx_word' id='word_1_177' title='bbox 951 1890 1072 1931; x_wconf 84' lang='lat' dir='ltr'><strong>malim)</strong></span> 
     </span>
    </p>
   </div>
   <div class='ocr_carea' id='block_1_7' title="bbox 398 1930 1082 1972">
    <p class='ocr_par' dir='ltr' id='par_1_17' title="bbox 398 1930 1082 1972">
     <span class='ocr_line' id='line_1_37' title="bbox 398 1930 1082 1972; baseline 0.004 -12"><span class='ocrx_word' id='word_1_178' title='bbox 398 1930 425 1960; x_wconf 81' lang='lat' dir='ltr'><strong>si</strong></span> <span class='ocrx_word' id='word_1_179' title='bbox 450 1931 515 1961; x_wconf 79' lang='lat' dir='ltr'><strong>haec</strong></span> <span class='ocrx_word' id='word_1_180' title='bbox 539 1933 695 1962; x_wconf 78' lang='lat' dir='ltr'><strong>dixissem.</strong></span> <span class='ocrx_word' id='word_1_181' title='bbox 720 1935 751 1967; x_wconf 82' lang='lat'><strong>8,</strong></span> <span class='ocrx_word' id='word_1_182' title='bbox 773 1935 824 1963; x_wconf 80' lang='grc'><strong>32.</strong></span> <span class='ocrx_word' id='word_1_183' title='bbox 860 1932 1018 1972; x_wconf 69' lang='grc' dir='ltr'><strong>διατριβὰς,</strong></span> <span class='ocrx_word' id='word_1_184' title='bbox 1038 1932 1082 1966; x_wconf 67' lang='grc' dir='ltr'><strong>ἃς</strong></span> 
     </span>
    </p>
   </div>
   <div class='ocr_carea' id='block_1_8' title="bbox 356 1974 1074 2404">
    <p class='ocr_par' dir='ltr' id='par_1_18' title="bbox 398 1974 1074 2264">
     <span class='ocr_line' id='line_1_38' title="bbox 398 1974 1070 2015; baseline 0.003 -13"><span class='ocrx_word' id='word_1_185' title='bbox 398 1983 462 2013; x_wconf 83' lang='grc' dir='ltr'><strong>μετ</strong></span> <span class='ocrx_word' id='word_1_186' title='bbox 482 1974 614 2004; x_wconf 67' lang='grc' dir='ltr'><strong>ἀλληλων</strong></span> <span class='ocrx_word' id='word_1_187' title='bbox 629 1974 726 2014; x_wconf 72' lang='grc' dir='ltr'><strong>ζῶντες</strong></span> <span class='ocrx_word' id='word_1_188' title='bbox 740 1974 881 2015; x_wconf 81' lang='grc' dir='ltr'><strong>διέτριβον.</strong></span> <span class='ocrx_word' id='word_1_189' title='bbox 902 1979 954 2011; x_wconf 85' lang='grc'><strong>20,</strong></span> <span class='ocrx_word' id='word_1_190' title='bbox 973 1976 1025 2006; x_wconf 85' lang='grc'><strong>35.</strong></span> <span class='ocrx_word' id='word_1_191' title='bbox 1048 1987 1070 2004; x_wconf 90' lang='grc' dir='ltr'><strong>οι</strong></span> 
     </span>
     <span class='ocr_line' id='line_1_39' title="bbox 399 2016 1073 2058; baseline 0.006 -14"><span class='ocrx_word' id='word_1_192' title='bbox 399 2016 576 2056; x_wconf 73' lang='grc' dir='ltr'><strong>διαζυγέντες</strong></span> <span class='ocrx_word' id='word_1_193' title='bbox 597 2018 763 2057; x_wconf 76' lang='lat' dir='ltr'>(distracti,</span> <span class='ocrx_word' id='word_1_194' title='bbox 789 2018 936 2058; x_wconf 83' lang='lat' dir='ltr'><strong><em>separati,</em></strong></span> <span class='ocrx_word' id='word_1_195' title='bbox 958 2018 1073 2056; x_wconf 85' lang='lat' dir='ltr'><strong>avulsi)</strong></span> 
     </span>
     <span class='ocr_line' id='line_1_40' title="bbox 400 2057 1073 2100; baseline 0.006 -13"><span class='ocrx_word' id='word_1_196' title='bbox 400 2057 472 2097; x_wconf 80' lang='grc' dir='ltr'><strong>ἔμου</strong></span> <span class='ocrx_word' id='word_1_197' title='bbox 486 2059 535 2100; x_wconf 66' lang='lat' dir='ltr'><strong>&lt;pv</strong></span> <span class='ocrx_word' id='word_1_198' title='bbox 550 2061 597 2089; x_wconf 74' lang='grc' dir='ltr'><strong>οὐκ</strong></span> <span class='ocrx_word' id='word_1_199' title='bbox 611 2059 643 2089; x_wconf 71' lang='grc' dir='ltr'><strong>ἂν</strong></span> <span class='ocrx_word' id='word_1_200' title='bbox 654 2060 818 2099; x_wconf 76' lang='grc' dir='ltr'><strong>προέλοιντο.</strong></span> <span class='ocrx_word' id='word_1_201' title='bbox 834 2062 888 2095; x_wconf 88' lang='grc'><strong>52,</strong></span> <span class='ocrx_word' id='word_1_202' title='bbox 902 2063 951 2091; x_wconf 85' lang='grc'><strong>13.</strong></span> <span class='ocrx_word' id='word_1_203' title='bbox 977 2061 1025 2091; x_wconf 78' lang='grc' dir='ltr'><strong>οὐκ</strong></span> <span class='ocrx_word' id='word_1_204' title='bbox 1039 2060 1073 2091; x_wconf 66' lang='grc' dir='ltr'><strong>ἂν</strong></span> 
     </span>
     <span class='ocr_line' id='line_1_41' title="bbox 399 2092 1074 2144; baseline 0.003 -14"><span class='ocrx_word' id='word_1_205' title='bbox 399 2092 539 2142; x_wconf 71' lang='grc' dir='ltr'><strong>ἐδεξάμην</strong></span> <span class='ocrx_word' id='word_1_206' title='bbox 554 2101 600 2144; x_wconf 72' lang='grc' dir='ltr'><strong>ζῇν</strong></span> <span class='ocrx_word' id='word_1_207' title='bbox 617 2105 658 2132; x_wconf 69' lang='grc' dir='ltr'><strong>τὰ</strong></span> <span class='ocrx_word' id='word_1_208' title='bbox 671 2104 748 2133; x_wconf 73' lang='grc' dir='ltr'><strong>αὐτὰ</strong></span> <span class='ocrx_word' id='word_1_209' title='bbox 763 2115 854 2143; x_wconf 80' lang='grc' dir='ltr'><strong>τουτῳ</strong></span> <span class='ocrx_word' id='word_1_210' title='bbox 870 2104 1074 2144; x_wconf 83' lang='grc' dir='ltr'><strong>δημηγορησας,</strong></span> 
     </span>
     <span class='ocr_line' id='line_1_42' title="bbox 400 2145 1072 2177; baseline 0.003 -2"><span class='ocrx_word' id='word_1_211' title='bbox 400 2145 427 2175; x_wconf 84' lang='lat' dir='ltr'><strong>si</strong></span> <span class='ocrx_word' id='word_1_212' title='bbox 442 2145 609 2176; x_wconf 84' lang='lat' dir='ltr'>conciones</span> <span class='ocrx_word' id='word_1_213' title='bbox 632 2146 744 2176; x_wconf 84' lang='lat' dir='ltr'>similes</span> <span class='ocrx_word' id='word_1_214' title='bbox 768 2146 849 2176; x_wconf 83' lang='lat' dir='ltr'><strong>illius</strong></span> <span class='ocrx_word' id='word_1_215' title='bbox 871 2147 1072 2177; x_wconf 81' lang='lat' dir='ltr'>concionibus</span> 
     </span>
     <span class='ocr_line' id='line_1_43' title="bbox 399 2187 1074 2226; baseline 0.004 -9"><span class='ocrx_word' id='word_1_216' title='bbox 399 2187 588 2223; x_wconf 85' lang='lat' dir='ltr'><strong>habuissem,</strong></span> <span class='ocrx_word' id='word_1_217' title='bbox 610 2189 705 2219; x_wconf 84' lang='lat' dir='ltr'><strong>nolim</strong></span> <span class='ocrx_word' id='word_1_218' title='bbox 727 2189 842 2226; x_wconf 85' lang='lat' dir='ltr'><strong><em>vivere,</em></strong></span> <span class='ocrx_word' id='word_1_219' title='bbox 865 2190 986 2220; x_wconf 85' lang='lat' dir='ltr'><strong>etiamsi</strong></span> <span class='ocrx_word' id='word_1_220' title='bbox 1011 2190 1074 2221; x_wconf 85' lang='lat' dir='ltr'><strong>vita</strong></span> 
     </span>
     <span class='ocr_line' id='line_1_44' title="bbox 401 2230 954 2268; baseline 0.004 -8"><span class='ocrx_word' id='word_1_221' title='bbox 401 2230 479 2261; x_wconf 82' lang='lat' dir='ltr'>mihi</span> <span class='ocrx_word' id='word_1_222' title='bbox 494 2231 667 2262; x_wconf 79' lang='lat' dir='ltr'><strong>diutissima</strong></span> <span class='ocrx_word' id='word_1_223' title='bbox 685 2232 838 2262; x_wconf 83' lang='lat' dir='ltr'><strong>offeratur.</strong></span> <span class='ocrx_word' id='word_1_224' title='bbox 858 2234 910 2268; x_wconf 87' lang='grc'><strong>85,</strong></span> <span class='ocrx_word' id='word_1_225' title='bbox 923 2235 954 2262; x_wconf 86' lang='lat'><strong>5.</strong></span> 
     </span>
    </p>

    <p class='ocr_par' dir='ltr' id='par_1_19' title="bbox 356 2272 1074 2356">
     <span class='ocr_line' id='line_1_45' title="bbox 356 2272 1074 2315; baseline 0.003 -11"><span class='ocrx_word' id='word_1_226' title='bbox 356 2272 465 2315; x_wconf 81' lang='grc' dir='ltr'><strong>ζητεῖν]</strong></span> <span class='ocrx_word' id='word_1_227' title='bbox 489 2276 625 2314; x_wconf 79' lang='grc' dir='ltr'><strong>κραυγαῖς</strong></span> <span class='ocrx_word' id='word_1_228' title='bbox 647 2274 739 2315; x_wconf 78' lang='grc' dir='ltr'><strong>ζητεῖν</strong></span> <span class='ocrx_word' id='word_1_229' title='bbox 758 2275 921 2307; x_wconf 75' lang='grc' dir='ltr'><strong>ἀπελαύνειν</strong></span> <span class='ocrx_word' id='word_1_230' title='bbox 943 2274 1000 2306; x_wconf 75' lang='grc' dir='ltr'><strong>ἀπὸ</strong></span> <span class='ocrx_word' id='word_1_231' title='bbox 1024 2277 1074 2306; x_wconf 76' lang='grc' dir='ltr'><strong>τοῦ</strong></span> 
     </span>
     <span class='ocr_line' id='line_1_46' title="bbox 403 2315 667 2356; baseline 0.012 -10"><span class='ocrx_word' id='word_1_232' title='bbox 403 2315 548 2356; x_wconf 83' lang='grc' dir='ltr'><strong>βηματος.</strong></span> <span class='ocrx_word' id='word_1_233' title='bbox 565 2320 596 2353; x_wconf 89' lang='lat'><strong>5,</strong></span> <span class='ocrx_word' id='word_1_234' title='bbox 614 2320 667 2349; x_wconf 88' lang='grc'><strong>26.</strong></span> 
     </span>
    </p>

    <p class='ocr_par' dir='ltr' id='par_1_20' title="bbox 358 2357 1059 2404">
     <span class='ocr_line' id='line_1_47' title="bbox 358 2357 1059 2404; baseline 0.004 -14"><span class='ocrx_word' id='word_1_235' title='bbox 358 2357 489 2401; x_wconf 74' lang='grc' dir='ltr'><strong>ζητησις]</strong></span> <span class='ocrx_word' id='word_1_236' title='bbox 511 2359 627 2400; x_wconf 85' lang='grc' dir='ltr'><strong>ζητησίν</strong></span> <span class='ocrx_word' id='word_1_237' title='bbox 640 2372 711 2396; x_wconf 88' lang='grc' dir='ltr'><strong>τινος</strong></span> <span class='ocrx_word' id='word_1_238' title='bbox 722 2359 876 2393; x_wconf 83' lang='grc' dir='ltr'><strong>ποιεῖσθαι.</strong></span> <span class='ocrx_word' id='word_1_239' title='bbox 893 2363 925 2399; x_wconf 88' lang='lat'><strong>6,</strong></span> <span class='ocrx_word' id='word_1_240' title='bbox 940 2362 1059 2404; x_wconf 86' lang='lat' dir='ltr'><strong>penult.</strong></span> 
     </span>
    </p>
   </div>
   <div class='ocr_carea' id='block_1_9' title="bbox 698 2493 741 2521">
    <p class='ocr_par' dir='ltr' id='par_1_21' title="bbox 698 2493 741 2521">
     <span class='ocr_line' id='line_1_48' title="bbox 698 2493 741 2521; baseline -0.023 0"><span class='ocrx_word' id='word_1_241' title='bbox 698 2493 741 2521; x_wconf 89' lang='lat' dir='ltr'><strong>H.</strong></span> 
     </span>
    </p>
   </div>
   <div class='ocr_carea' id='block_1_10' title="bbox 361 2573 1081 3004">
    <p class='ocr_par' dir='ltr' id='par_1_22' title="bbox 361 2573 1078 2739">
     <span class='ocr_line' id='line_1_49' title="bbox 361 2573 1077 2617; baseline 0.003 -12"><span class='ocrx_word' id='word_1_242' title='bbox 361 2573 446 2615; x_wconf 68' lang='grc' dir='ltr'><strong>ἡβᾷἶν]</strong></span> <span class='ocrx_word' id='word_1_243' title='bbox 459 2573 625 2616; x_wconf 60' lang='grc' dir='ltr'><strong>ἐπάναγκες</strong></span> <span class='ocrx_word' id='word_1_244' title='bbox 636 2574 679 2616; x_wconf 62' lang='lat' dir='ltr'><strong>*tq-⁵5</strong></span> <span class='ocrx_word' id='word_1_245' title='bbox 694 2575 781 2606; x_wconf 67' lang='grc' dir='ltr'><strong>’παιδὶ</strong></span> <span class='ocrx_word' id='word_1_246' title='bbox 794 2576 931 2610; x_wconf 74' lang='grc' dir='ltr'><strong>ἡβήσαντι</strong></span> <span class='ocrx_word' id='word_1_247' title='bbox 942 2578 984 2617; x_wconf 85' lang='grc' dir='ltr'><strong>μὴ</strong></span> <span class='ocrx_word' id='word_1_248' title='bbox 1000 2575 1077 2612; x_wconf 61' lang='grc' dir='ltr'><strong>εἶναι,</strong></span> 
     </span>
     <span class='ocr_line' id='line_1_50' title="bbox 405 2617 1078 2660; baseline 0.003 -12"><span class='ocrx_word' id='word_1_249' title='bbox 405 2617 516 2658; x_wconf 83' lang='grc' dir='ltr'><strong>τρέφειν</strong></span> <span class='ocrx_word' id='word_1_250' title='bbox 531 2621 576 2650; x_wconf 75' lang='grc' dir='ltr'><strong>τὸν</strong></span> <span class='ocrx_word' id='word_1_251' title='bbox 591 2619 712 2660; x_wconf 78' lang='grc' dir='ltr'><strong>πατέρα.</strong></span> <span class='ocrx_word' id='word_1_252' title='bbox 727 2622 759 2655; x_wconf 88' lang='grc'><strong>3,</strong></span> <span class='ocrx_word' id='word_1_253' title='bbox 776 2622 806 2649; x_wconf 92' lang='grc'><strong>1.</strong></span> <span class='ocrx_word' id='word_1_254' title='bbox 829 2618 902 2650; x_wconf 78' lang='grc' dir='ltr'><strong>ὢθεῖν</strong></span> <span class='ocrx_word' id='word_1_255' title='bbox 915 2621 979 2654; x_wconf 80' lang='grc' dir='ltr'><strong>τοὺς</strong></span> <span class='ocrx_word' id='word_1_256' title='bbox 993 2619 1078 2653; x_wconf 83' lang='grc' dir='ltr'><strong>ἡβῶν-</strong></span> 
     </span>
     <span class='ocr_line' id='line_1_51' title="bbox 405 2661 1078 2703; baseline 0.006 -13"><span class='ocrx_word' id='word_1_257' title='bbox 405 2673 461 2695; x_wconf 87' lang='grc' dir='ltr'><strong>τας</strong></span> <span class='ocrx_word' id='word_1_258' title='bbox 475 2666 554 2694; x_wconf 69' lang='grc' dir='ltr'><strong>κατὰ,</strong></span> <span class='ocrx_word' id='word_1_259' title='bbox 569 2665 624 2693; x_wconf 87' lang='grc' dir='ltr'><strong>τῶν</strong></span> <span class='ocrx_word' id='word_1_260' title='bbox 638 2665 770 2703; x_wconf 81' lang='grc' dir='ltr'><strong>κρημνῶν.</strong></span> <span class='ocrx_word' id='word_1_261' title='bbox 786 2665 839 2699; x_wconf 85' lang='grc'><strong>47,</strong></span> <span class='ocrx_word' id='word_1_262' title='bbox 852 2665 882 2693; x_wconf 88' lang='grc'><strong>4.</strong></span> <span class='ocrx_word' id='word_1_263' title='bbox 897 2661 954 2693; x_wconf 72' lang='grc' dir='ltr'><strong>ὅσοι</strong></span> <span class='ocrx_word' id='word_1_264' title='bbox 967 2662 1015 2694; x_wconf 77' lang='grc' dir='ltr'><strong>ἐπὶ</strong></span> <span class='ocrx_word' id='word_1_265' title='bbox 1027 2662 1078 2694; x_wconf 80' lang='grc' dir='ltr'><strong>δίε-</strong></span> 
     </span>
     <span class='ocr_line' id='line_1_52' title="bbox 407 2705 710 2742; baseline 0.01 -8"><span class='ocrx_word' id='word_1_266' title='bbox 407 2716 457 2739; x_wconf 90' lang='grc' dir='ltr'><strong>τες</strong></span> <span class='ocrx_word' id='word_1_267' title='bbox 472 2705 573 2738; x_wconf 79' lang='grc' dir='ltr'><strong>ἡβῶσι.</strong></span> <span class='ocrx_word' id='word_1_268' title='bbox 588 2709 641 2742; x_wconf 93' lang='grc'><strong>70,</strong></span> <span class='ocrx_word' id='word_1_269' title='bbox 656 2709 710 2737; x_wconf 84' lang='grc'><strong>42.</strong></span> 
     </span>
    </p>

    <p class='ocr_par' dir='ltr' id='par_1_23' title="bbox 362 2744 1078 2830">
     <span class='ocr_line' id='line_1_53' title="bbox 362 2744 1078 2792; baseline 0.003 -14.003"><span class='ocrx_word' id='word_1_270' title='bbox 362 2744 427 2787; x_wconf 53' lang='lat' dir='ltr'><strong>iren]</strong></span> <span class='ocrx_word' id='word_1_271' title='bbox 452 2748 464 2778; x_wconf 83' lang='grc' dir='ltr'>ὁ</span> <span class='ocrx_word' id='word_1_272' title='bbox 494 2749 581 2789; x_wconf 90' lang='grc' dir='ltr'><strong>δημος</strong></span> <span class='ocrx_word' id='word_1_273' title='bbox 611 2761 676 2783; x_wconf 86' lang='grc' dir='ltr'><strong>τους</strong></span> <span class='ocrx_word' id='word_1_274' title='bbox 703 2746 855 2785; x_wconf 79' lang='grc' dir='ltr'><strong>νεανίσκους</strong></span> <span class='ocrx_word' id='word_1_275' title='bbox 882 2759 989 2792; x_wconf 82' lang='grc' dir='ltr'><strong>μεχρις</strong></span> <span class='ocrx_word' id='word_1_276' title='bbox 1011 2748 1078 2783; x_wconf 76' lang='grc' dir='ltr'><strong>ν’βης</strong></span> 
     </span>
     <span class='ocr_line' id='line_1_54' title="bbox 407 2790 659 2830; baseline 0.017 -10"><span class='ocrx_word' id='word_1_277' title='bbox 407 2790 519 2830; x_wconf 79' lang='grc' dir='ltr'><strong>ἔτρεφε.</strong></span> <span class='ocrx_word' id='word_1_278' title='bbox 536 2794 590 2828; x_wconf 88' lang='grc'><strong>75,</strong></span> <span class='ocrx_word' id='word_1_279' title='bbox 605 2795 659 2824; x_wconf 84' lang='grc'><strong>32.</strong></span> 
     </span>
    </p>

    <p class='ocr_par' dir='ltr' id='par_1_24' title="bbox 365 2833 1081 3004">
     <span class='ocr_line' id='line_1_55' title="bbox 365 2833 1080 2889; baseline 0.003 -27"><span class='ocrx_word' id='word_1_280' title='bbox 365 2833 509 2875; x_wconf 82' lang='grc' dir='ltr'><strong>ἡγεῖσθαι]</strong></span> <span class='ocrx_word' id='word_1_281' title='bbox 532 2834 602 2870; x_wconf 84' lang='grc' dir='ltr'><strong>ὅλως</strong></span> <span class='ocrx_word' id='word_1_282' title='bbox 617 2833 640 2864; x_wconf 82' lang='grc' dir='ltr'><strong>δ’</strong></span> <span class='ocrx_word' id='word_1_283' title='bbox 654 2833 680 2864; x_wconf 83' lang='grc' dir='ltr'><strong>ἐν</strong></span> <span class='ocrx_word' id='word_1_284' title='bbox 695 2833 870 2889; x_wconf 75' lang='grc' dir='ltr'><strong>δημοκρατία</strong></span> <span class='ocrx_word' id='word_1_285' title='bbox 880 2846 927 2864; x_wconf 87' lang='grc' dir='ltr'><strong>τον</strong></span> <span class='ocrx_word' id='word_1_286' title='bbox 941 2835 980 2868; x_wconf 76' lang='grc' dir='ltr'><strong>εἰς</strong></span> <span class='ocrx_word' id='word_1_287' title='bbox 994 2835 1080 2865; x_wconf 74' lang='grc' dir='ltr'><strong>ὁτιοῦν</strong></span> 
     </span>
     <span class='ocr_line' id='line_1_56' title="bbox 408 2875 1079 2918; baseline 0.003 -12"><span class='ocrx_word' id='word_1_288' title='bbox 408 2875 536 2918; x_wconf 62' lang='grc' dir='ltr'><strong>υὲριστῆν</strong></span> <span class='ocrx_word' id='word_1_289' title='bbox 553 2890 601 2908; x_wconf 83' lang='grc' dir='ltr'><strong>ουκ</strong></span> <span class='ocrx_word' id='word_1_290' title='bbox 616 2877 791 2909; x_wconf 69' lang='grc' dir='ltr'><strong>ἔπιτὴδειον“</strong></span> <span class='ocrx_word' id='word_1_291' title='bbox 783 2890 908 2917; x_wconf 78' lang='grc' dir='ltr'><strong>ηγησατο</strong></span> <span class='ocrx_word' id='word_1_292' title='bbox 921 2877 987 2908; x_wconf 73' lang='grc' dir='ltr'><strong>εῖναι</strong></span> <span class='ocrx_word' id='word_1_293' title='bbox 1000 2890 1079 2918; x_wconf 84' lang='grc' dir='ltr'><strong>συμ-</strong></span> 
     </span>
     <span class='ocr_line' id='line_1_57' title="bbox 408 2920 1081 2961; baseline 0 -11"><span class='ocrx_word' id='word_1_294' title='bbox 408 2920 625 2952; x_wconf 64' lang='grc' dir='ltr'><strong>πολιτεύεσθαι.</strong></span> <span class='ocrx_word' id='word_1_295' title='bbox 651 2924 682 2957; x_wconf 88' lang='grc'><strong>3,</strong></span> <span class='ocrx_word' id='word_1_296' title='bbox 710 2923 761 2952; x_wconf 88' lang='grc'><strong>24.</strong></span> <span class='ocrx_word' id='word_1_297' title='bbox 797 2921 916 2954; x_wconf 80' lang='grc' dir='ltr'><strong>ἀβίωτον</strong></span> <span class='ocrx_word' id='word_1_298' title='bbox 935 2921 1081 2961; x_wconf 83' lang='grc' dir='ltr'><strong>ἡγούμενος</strong></span> 
     </span>
     <span class='ocr_line' id='line_1_58' title="bbox 408 2962 1079 3004; baseline 0.007 -14"><span class='ocrx_word' id='word_1_299' title='bbox 408 2967 475 2992; x_wconf 80' lang='grc' dir='ltr'><strong>εἰναι</strong></span> <span class='ocrx_word' id='word_1_300' title='bbox 490 2962 621 3004; x_wconf 70' lang='grc' dir='ltr'><strong>ἐμαυτῷ.</strong></span> <span class='ocrx_word' id='word_1_301' title='bbox 645 2967 697 3000; x_wconf 91' lang='grc'><strong>17,</strong></span> <span class='ocrx_word' id='word_1_302' title='bbox 714 2966 765 2994; x_wconf 89' lang='grc'><strong>17.</strong></span> <span class='ocrx_word' id='word_1_303' title='bbox 788 2964 876 2995; x_wconf 76' lang='grc' dir='ltr'><strong>ῖκανόν</strong></span> <span class='ocrx_word' id='word_1_304' title='bbox 895 2964 983 3004; x_wconf 86' lang='grc' dir='ltr'><strong>μηδεν</strong></span> <span class='ocrx_word' id='word_1_305' title='bbox 1006 2966 1079 3002; x_wconf 77' lang='grc' dir='ltr'><strong>ἦγει-</strong></span> 
     </span>
    </p>
   </div>
   <div class='ocr_carea' id='block_1_11' title="bbox 410 3004 1079 3047">
    <p class='ocr_par' dir='ltr' id='par_1_25' title="bbox 410 3004 1079 3047">
     <span class='ocr_line' id='line_1_59' title="bbox 410 3004 1079 3047; baseline 0.006 -13"><span class='ocrx_word' id='word_1_306' title='bbox 410 3004 496 3043; x_wconf 68' lang='grc' dir='ltr'><strong>σθαι,</strong></span> <span class='ocrx_word' id='word_1_307' title='bbox 514 3008 699 3040; x_wconf 67' lang='lat' dir='ltr'><strong>insatiabilis</strong></span> <span class='ocrx_word' id='word_1_308' title='bbox 724 3017 801 3040; x_wconf 87' lang='lat' dir='ltr'><strong>esse.</strong></span> <span class='ocrx_word' id='word_1_309' title='bbox 824 3009 878 3046; x_wconf 84' lang='grc'><strong>27,</strong></span> <span class='ocrx_word' id='word_1_310' title='bbox 902 3010 932 3039; x_wconf 89' lang='lat'><strong>8.</strong></span> <span class='ocrx_word' id='word_1_311' title='bbox 956 3009 1079 3047; x_wconf 77' lang='grc' dir='ltr'><strong>ἡγειται,</strong></span> 
     </span>
    </p>
   </div>
   <div class='ocr_carea' id='block_1_12' title="bbox 1127 296 1800 511">
    <p class='ocr_par' dir='ltr' id='par_1_26' title="bbox 1127 296 1800 511">
     <span class='ocr_line' id='line_1_60' title="bbox 1127 296 1794 340; baseline 0.001 -12"><span class='ocrx_word' id='word_1_312' title='bbox 1127 297 1193 329; x_wconf 69' lang='grc' dir='ltr'><strong>ὅταν</strong></span> <span class='ocrx_word' id='word_1_313' title='bbox 1205 310 1235 329; x_wconf 86' lang='grc' dir='ltr'><strong>τι</strong></span> <span class='ocrx_word' id='word_1_314' title='bbox 1247 297 1395 336; x_wconf 67' lang='grc' dir='ltr'><strong>ψεύδηται,</strong></span> <span class='ocrx_word' id='word_1_315' title='bbox 1406 296 1476 339; x_wconf 66' lang='grc' dir='ltr'><strong>ὅρκος</strong></span> <span class='ocrx_word' id='word_1_316' title='bbox 1487 298 1565 328; x_wconf 67' lang='grc' dir='ltr'><strong>κατὰ</strong></span> <span class='ocrx_word' id='word_1_317' title='bbox 1577 299 1631 328; x_wconf 80' lang='grc' dir='ltr'><strong>τῶν</strong></span> <span class='ocrx_word' id='word_1_318' title='bbox 1644 298 1794 340; x_wconf 73' lang='grc' dir='ltr'><strong>ἀναισχύν-</strong></span> 
     </span>
     <span class='ocr_line' id='line_1_61' title="bbox 1127 340 1796 382; baseline -0.001 -10"><span class='ocrx_word' id='word_1_319' title='bbox 1127 353 1183 372; x_wconf 80' lang='grc' dir='ltr'><strong>των</strong></span> <span class='ocrx_word' id='word_1_320' title='bbox 1199 341 1370 381; x_wconf 60' lang='grc' dir='ltr'><strong>ὀφθαλμῶν.</strong></span> <span class='ocrx_word' id='word_1_321' title='bbox 1386 343 1439 376; x_wconf 83' lang='lat'><strong>48,</strong></span> <span class='ocrx_word' id='word_1_322' title='bbox 1453 343 1505 372; x_wconf 77' lang='lat'><strong>33.</strong></span> <span class='ocrx_word' id='word_1_323' title='bbox 1527 340 1692 382; x_wconf 77' lang='grc' dir='ltr'><strong>μακρότερον</strong></span> <span class='ocrx_word' id='word_1_324' title='bbox 1713 343 1796 380; x_wconf 79' lang='grc' dir='ltr'><strong>λόγου</strong></span> 
     </span>
     <span class='ocr_line' id='line_1_62' title="bbox 1129 383 1796 425; baseline -0.001 -10"><span class='ocrx_word' id='word_1_325' title='bbox 1129 384 1202 425; x_wconf 88' lang='grc' dir='ltr'><strong>ἐ’ργον</strong></span> <span class='ocrx_word' id='word_1_326' title='bbox 1215 386 1348 424; x_wconf 75' lang='grc' dir='ltr'><strong>ἡγοῦμαι.</strong></span> <span class='ocrx_word' id='word_1_327' title='bbox 1364 386 1417 419; x_wconf 91' lang='grc'><strong>60,</strong></span> <span class='ocrx_word' id='word_1_328' title='bbox 1428 387 1481 414; x_wconf 91' lang='grc'><strong>41.</strong></span> <span class='ocrx_word' id='word_1_329' title='bbox 1497 384 1591 422; x_wconf 81' lang='grc' dir='ltr'><strong>ἡγεῖτο</strong></span> <span class='ocrx_word' id='word_1_330' title='bbox 1605 385 1664 417; x_wconf 83' lang='grc' dir='ltr'><strong>τοῖς</strong></span> <span class='ocrx_word' id='word_1_331' title='bbox 1678 383 1796 425; x_wconf 62' lang='grc' dir='ltr'><strong>πρέσέε-</strong></span> 
     </span>
     <span class='ocr_line' id='line_1_63' title="bbox 1130 425 1799 468; baseline -0.001 -10"><span class='ocrx_word' id='word_1_332' title='bbox 1130 439 1174 458; x_wconf 87' lang='grc' dir='ltr'><strong>σιν</strong></span> <span class='ocrx_word' id='word_1_333' title='bbox 1185 428 1222 462; x_wconf 84' lang='grc' dir='ltr'><strong>εἷς</strong></span> <span class='ocrx_word' id='word_1_334' title='bbox 1233 427 1265 457; x_wconf 77' lang='grc' dir='ltr'><strong>τὸ</strong></span> <span class='ocrx_word' id='word_1_335' title='bbox 1278 426 1399 468; x_wconf 78' lang='grc' dir='ltr'><strong>θέατρον.</strong></span> <span class='ocrx_word' id='word_1_336' title='bbox 1423 429 1476 463; x_wconf 86' lang='grc'><strong>64,</strong></span> <span class='ocrx_word' id='word_1_337' title='bbox 1489 430 1542 457; x_wconf 80' lang='grc'><strong>28.</strong></span> <span class='ocrx_word' id='word_1_338' title='bbox 1564 438 1592 456; x_wconf 86' lang='grc' dir='ltr'><strong>ου</strong></span> <span class='ocrx_word' id='word_1_339' title='bbox 1609 425 1728 456; x_wconf 70' lang='grc' dir='ltr'><strong>δίκαιον“</strong></span> <span class='ocrx_word' id='word_1_340' title='bbox 1719 439 1799 465; x_wconf 90' lang='grc' dir='ltr'><strong>ηγου-</strong></span> 
     </span>
     <span class='ocr_line' id='line_1_64' title="bbox 1129 468 1800 511; baseline -0.001 -10"><span class='ocrx_word' id='word_1_341' title='bbox 1129 482 1207 510; x_wconf 89' lang='grc' dir='ltr'><strong>μενοι</strong></span> <span class='ocrx_word' id='word_1_342' title='bbox 1227 473 1275 501; x_wconf 81' lang='grc' dir='ltr'><strong>τῆν</strong></span> <span class='ocrx_word' id='word_1_343' title='bbox 1293 470 1368 511; x_wconf 77' lang='grc' dir='ltr'><strong>ὀργὴν</strong></span> <span class='ocrx_word' id='word_1_344' title='bbox 1383 469 1617 509; x_wconf 75' lang='grc' dir='ltr'><strong>ἀπομνημονεύειν</strong></span> <span class='ocrx_word' id='word_1_345' title='bbox 1636 468 1662 500; x_wconf 82' lang='grc' dir='ltr'><strong>ἐν</strong></span> <span class='ocrx_word' id='word_1_346' title='bbox 1686 469 1729 508; x_wconf 71' lang='grc' dir='ltr'><strong>τῷ</strong></span> <span class='ocrx_word' id='word_1_347' title='bbox 1751 481 1800 500; x_wconf 84' lang='grc' dir='ltr'><strong>πι-</strong></span> 
     </span>
    </p>
   </div>
   <div class='ocr_carea' id='block_1_13' title="bbox 1131 510 1798 593">
    <p class='ocr_par' dir='ltr' id='par_1_27' title="bbox 1131 510 1798 587">
     <span class='ocr_line' id='line_1_65' title="bbox 1131 510 1798 553; baseline -0.002 -10"><span class='ocrx_word' id='word_1_348' title='bbox 1131 512 1351 549; x_wconf 87' lang='grc' dir='ltr'><strong>στευθηναι.66,</strong></span> <span class='ocrx_word' id='word_1_349' title='bbox 1362 516 1390 544; x_wconf 91' lang='grc'><strong>1.</strong></span> <span class='ocrx_word' id='word_1_350' title='bbox 1406 512 1711 553; x_wconf 79' lang='grc' dir='ltr'><strong>ἀβίωτονὴγησάμενος</strong></span> <span class='ocrx_word' id='word_1_351' title='bbox 1722 510 1798 544; x_wconf 87' lang='grc' dir='ltr'><strong>ειναι.</strong></span> 
     </span>
     <span class='ocr_line' id='line_1_66' title="bbox 1133 558 1256 593; baseline 0 -7"><span class='ocrx_word' id='word_1_352' title='bbox 1133 558 1187 593; x_wconf 85' lang='grc'><strong>74,</strong></span> <span class='ocrx_word' id='word_1_353' title='bbox 1202 559 1256 587; x_wconf 78' lang='grc'><strong>40.</strong></span> 
     </span>
    </p>
   </div>
   <div class='ocr_carea' id='block_1_14' title="bbox 1091 595 1802 640">
    <p class='ocr_par' dir='ltr' id='par_1_28' title="bbox 1091 595 1802 640">
     <span class='ocr_line' id='line_1_67' title="bbox 1091 595 1802 640; baseline -0.004 -10"><span class='ocrx_word' id='word_1_354' title='bbox 1091 597 1237 640; x_wconf 88' lang='grc' dir='ltr'><strong>ἡγεμονία]</strong></span> <span class='ocrx_word' id='word_1_355' title='bbox 1261 597 1406 639; x_wconf 89' lang='grc' dir='ltr'><strong>ἡγεμονίας</strong></span> <span class='ocrx_word' id='word_1_356' title='bbox 1418 595 1624 638; x_wconf 80' lang='grc' dir='ltr'><strong>δικαστηρίων”</strong></span> <span class='ocrx_word' id='word_1_357' title='bbox 1608 609 1664 628; x_wconf 87' lang='grc' dir='ltr'><strong>οσοι</strong></span> <span class='ocrx_word' id='word_1_358' title='bbox 1680 597 1802 637; x_wconf 77' lang='grc' dir='ltr'><strong>λαμβα-</strong></span> 
     </span>
    </p>
   </div>
   <div class='ocr_carea' id='block_1_15' title="bbox 1097 640 1826 3047">
    <p class='ocr_par' dir='ltr' id='par_1_29' title="bbox 1134 640 1810 1105">
     <span class='ocr_line' id='line_1_68' title="bbox 1134 640 1802 681; baseline -0.004 -8"><span class='ocrx_word' id='word_1_359' title='bbox 1134 653 1230 673; x_wconf 89' lang='grc' dir='ltr'><strong>νουσιν.</strong></span> <span class='ocrx_word' id='word_1_360' title='bbox 1257 644 1310 678; x_wconf 87' lang='grc'><strong>55,</strong></span> <span class='ocrx_word' id='word_1_361' title='bbox 1333 642 1389 672; x_wconf 78' lang='lat' dir='ltr'><strong>ult.</strong></span> <span class='ocrx_word' id='word_1_362' title='bbox 1410 641 1571 671; x_wconf 82' lang='grc' dir='ltr'><strong>ἐπιστάται</strong></span> <span class='ocrx_word' id='word_1_363' title='bbox 1596 642 1699 675; x_wconf 80' lang='grc' dir='ltr'><strong>πάντες</strong></span> <span class='ocrx_word' id='word_1_364' title='bbox 1721 640 1802 681; x_wconf 80' lang='grc' dir='ltr'><strong>ἔργων</strong></span> 
     </span>
     <span class='ocr_line' id='line_1_69' title="bbox 1135 682 1804 726; baseline -0.003 -10"><span class='ocrx_word' id='word_1_365' title='bbox 1135 685 1215 726; x_wconf 86' lang='lat' dir='ltr'><strong>(scil.</strong></span> <span class='ocrx_word' id='word_1_366' title='bbox 1227 683 1398 726; x_wconf 76' lang='grc' dir='ltr'><strong>δημοσίων)’</strong></span> <span class='ocrx_word' id='word_1_367' title='bbox 1390 682 1520 724; x_wconf 79' lang='grc' dir='ltr'><strong>ἡγεμονία</strong></span> <span class='ocrx_word' id='word_1_368' title='bbox 1529 687 1652 725; x_wconf 82' lang='grc' dir='ltr'><strong>χρῶνται</strong></span> <span class='ocrx_word' id='word_1_369' title='bbox 1669 684 1804 714; x_wconf 86' lang='grc' dir='ltr'><strong>δικαστη-</strong></span> 
     </span>
     <span class='ocr_line' id='line_1_70' title="bbox 1136 726 1806 769; baseline -0.001 -12"><span class='ocrx_word' id='word_1_370' title='bbox 1136 730 1198 768; x_wconf 91' lang='grc' dir='ltr'><strong>ρίου.</strong></span> <span class='ocrx_word' id='word_1_371' title='bbox 1216 730 1270 763; x_wconf 84' lang='grc'><strong>56,</strong></span> <span class='ocrx_word' id='word_1_372' title='bbox 1288 732 1315 759; x_wconf 93' lang='grc'><strong>1.</strong></span> <span class='ocrx_word' id='word_1_373' title='bbox 1343 727 1487 769; x_wconf 87' lang='grc' dir='ltr'><strong>ἡγεμονίας</strong></span> <span class='ocrx_word' id='word_1_374' title='bbox 1509 727 1690 768; x_wconf 78' lang='grc' dir='ltr'><strong>δικαστηρίων</strong></span> <span class='ocrx_word' id='word_1_375' title='bbox 1709 726 1806 765; x_wconf 79' lang='grc' dir='ltr'><strong>ἐλάμ-</strong></span> 
     </span>
     <span class='ocr_line' id='line_1_71' title="bbox 1135 768 1807 811; baseline -0.001 -11"><span class='ocrx_word' id='word_1_376' title='bbox 1135 771 1213 804; x_wconf 90' lang='grc' dir='ltr'><strong>βανε.</strong></span> <span class='ocrx_word' id='word_1_377' title='bbox 1223 773 1276 803; x_wconf 87' lang='grc'><strong>57.</strong></span> <span class='ocrx_word' id='word_1_378' title='bbox 1287 774 1337 802; x_wconf 83' lang='grc'><strong>34.</strong></span> <span class='ocrx_word' id='word_1_379' title='bbox 1348 770 1680 811; x_wconf 81' lang='grc' dir='ltr'><strong>ἡγεμονίαςδικαστηρίων</strong></span> <span class='ocrx_word' id='word_1_380' title='bbox 1688 768 1807 809; x_wconf 61' lang='grc' dir='ltr'><strong>λαμέίι-</strong></span> 
     </span>
     <span class='ocr_line' id='line_1_72' title="bbox 1135 812 1807 855; baseline -0.003 -11"><span class='ocrx_word' id='word_1_381' title='bbox 1135 825 1222 846; x_wconf 79' lang='grc' dir='ltr'><strong>νουσιν</strong></span> <span class='ocrx_word' id='word_1_382' title='bbox 1237 813 1348 855; x_wconf 76' lang='grc' dir='ltr'><strong>αἱρετοί.</strong></span> <span class='ocrx_word' id='word_1_383' title='bbox 1360 817 1412 851; x_wconf 84' lang='grc'><strong>58,</strong></span> <span class='ocrx_word' id='word_1_384' title='bbox 1424 815 1455 844; x_wconf 91' lang='grc'><strong>5.</strong></span> <span class='ocrx_word' id='word_1_385' title='bbox 1472 825 1529 855; x_wconf 84' lang='grc' dir='ltr'><strong>παρ</strong></span> <span class='ocrx_word' id='word_1_386' title='bbox 1549 813 1664 844; x_wconf 82' lang='grc' dir='ltr'><strong>εκόντων</strong></span> <span class='ocrx_word' id='word_1_387' title='bbox 1675 815 1731 843; x_wconf 78' lang='grc' dir='ltr'><strong>τῶν</strong></span> <span class='ocrx_word' id='word_1_388' title='bbox 1741 812 1807 842; x_wconf 89' lang='grc' dir='ltr'><strong>Ελ-</strong></span> 
     </span>
     <span class='ocr_line' id='line_1_73' title="bbox 1139 855 1806 895; baseline -0.003 -7"><span class='ocrx_word' id='word_1_389' title='bbox 1139 858 1221 888; x_wconf 85' lang='grc' dir='ltr'><strong>ληνων</strong></span> <span class='ocrx_word' id='word_1_390' title='bbox 1249 857 1404 891; x_wconf 73' lang='grc' dir='ltr'><strong>ἀπολαβεῖν</strong></span> <span class='ocrx_word' id='word_1_391' title='bbox 1431 859 1480 887; x_wconf 76' lang='grc' dir='ltr'><strong>τὴν</strong></span> <span class='ocrx_word' id='word_1_392' title='bbox 1510 855 1662 895; x_wconf 83' lang='grc' dir='ltr'><strong>ἡγεμονίαν.</strong></span> <span class='ocrx_word' id='word_1_393' title='bbox 1694 859 1747 892; x_wconf 86' lang='grc'><strong>62,</strong></span> <span class='ocrx_word' id='word_1_394' title='bbox 1775 858 1806 886; x_wconf 85' lang='grc'><strong>3.</strong></span> 
     </span>
     <span class='ocr_line' id='line_1_74' title="bbox 1138 897 1807 941; baseline -0.006 -10"><span class='ocrx_word' id='word_1_395' title='bbox 1138 897 1270 941; x_wconf 84' lang='grc' dir='ltr'><strong>ἡγεμονία</strong></span> <span class='ocrx_word' id='word_1_396' title='bbox 1295 902 1346 935; x_wconf 78' lang='grc' dir='ltr'><strong>τῆς</strong></span> <span class='ocrx_word' id='word_1_397' title='bbox 1372 898 1524 933; x_wconf 83' lang='grc' dir='ltr'><strong>εὐσεβείας.</strong></span> <span class='ocrx_word' id='word_1_398' title='bbox 1546 902 1599 936; x_wconf 88' lang='grc'><strong>72,</strong></span> <span class='ocrx_word' id='word_1_399' title='bbox 1620 903 1651 931; x_wconf 88' lang='grc'><strong>7.</strong></span> <span class='ocrx_word' id='word_1_400' title='bbox 1676 898 1807 938; x_wconf 83' lang='grc' dir='ltr'><strong>ἡγεμονία</strong></span> 
     </span>
     <span class='ocr_line' id='line_1_75' title="bbox 1140 942 1810 983; baseline -0.001 -10"><span class='ocrx_word' id='word_1_401' title='bbox 1140 943 1188 973; x_wconf 74' lang='grc' dir='ltr'><strong>ἐπὶ</strong></span> <span class='ocrx_word' id='word_1_402' title='bbox 1204 943 1248 973; x_wconf 74' lang='grc' dir='ltr'><strong>τὸν</strong></span> <span class='ocrx_word' id='word_1_403' title='bbox 1263 942 1379 983; x_wconf 78' lang='grc' dir='ltr'><strong>Πέρσην,</strong></span> <span class='ocrx_word' id='word_1_404' title='bbox 1394 942 1585 983; x_wconf 81' lang='lat' dir='ltr'><strong>principatus</strong></span> <span class='ocrx_word' id='word_1_405' title='bbox 1608 943 1680 973; x_wconf 80' lang='lat' dir='ltr'><strong>belli</strong></span> <span class='ocrx_word' id='word_1_406' title='bbox 1697 944 1810 972; x_wconf 82' lang='lat' dir='ltr'><strong>adver·</strong></span> 
     </span>
     <span class='ocr_line' id='line_1_76' title="bbox 1142 984 1808 1026; baseline -0.002 -10"><span class='ocrx_word' id='word_1_407' title='bbox 1142 997 1193 1016; x_wconf 90' lang='lat' dir='ltr'><strong>sus</strong></span> <span class='ocrx_word' id='word_1_408' title='bbox 1210 986 1333 1021; x_wconf 86' lang='lat' dir='ltr'><strong><em>Persas,</em></strong></span> <span class='ocrx_word' id='word_1_409' title='bbox 1345 990 1376 1015; x_wconf 88' lang='lat' dir='ltr'><strong>et</strong></span> <span class='ocrx_word' id='word_1_410' title='bbox 1386 985 1438 1026; x_wconf 89' lang='lat' dir='ltr'><strong>jus</strong></span> <span class='ocrx_word' id='word_1_411' title='bbox 1453 984 1487 1014; x_wconf 87' lang='lat' dir='ltr'><strong>in</strong></span> <span class='ocrx_word' id='word_1_412' title='bbox 1501 996 1553 1015; x_wconf 85' lang='lat' dir='ltr'><strong>cos</strong></span> <span class='ocrx_word' id='word_1_413' title='bbox 1569 985 1704 1016; x_wconf 84' lang='lat' dir='ltr'><strong>ducendi</strong></span> <span class='ocrx_word' id='word_1_414' title='bbox 1722 984 1808 1016; x_wconf 84' lang='lat' dir='ltr'><strong>Grae-</strong></span> 
     </span>
     <span class='ocr_line' id='line_1_77' title="bbox 1141 1027 1810 1069; baseline 0 -11"><span class='ocrx_word' id='word_1_415' title='bbox 1141 1039 1205 1059; x_wconf 89' lang='lat' dir='ltr'><strong>cos.</strong></span> <span class='ocrx_word' id='word_1_416' title='bbox 1230 1031 1284 1063; x_wconf 87' lang='grc'><strong>72,</strong></span> <span class='ocrx_word' id='word_1_417' title='bbox 1307 1031 1360 1059; x_wconf 89' lang='grc'><strong>29.</strong></span> <span class='ocrx_word' id='word_1_418' title='bbox 1383 1030 1431 1059; x_wconf 79' lang='grc' dir='ltr'><strong>την</strong></span> <span class='ocrx_word' id='word_1_419' title='bbox 1455 1028 1600 1067; x_wconf 86' lang='grc' dir='ltr'><strong>ἡγεμονίαν</strong></span> <span class='ocrx_word' id='word_1_420' title='bbox 1623 1029 1702 1069; x_wconf 72' lang='grc' dir='ltr'><strong>ἄρδην</strong></span> <span class='ocrx_word' id='word_1_421' title='bbox 1723 1027 1810 1069; x_wconf 74' lang='grc' dir='ltr'><strong>φέρων</strong></span> 
     </span>
     <span class='ocr_line' id='line_1_78' title="bbox 1141 1070 1520 1105; baseline 0 -5"><span class='ocrx_word' id='word_1_422' title='bbox 1141 1070 1251 1102; x_wconf 80' lang='grc' dir='ltr'><strong>ἀνέθηκε</strong></span> <span class='ocrx_word' id='word_1_423' title='bbox 1267 1071 1406 1105; x_wconf 82' lang='grc' dir='ltr'><strong>Θηβαίοις.</strong></span> <span class='ocrx_word' id='word_1_424' title='bbox 1420 1073 1473 1105; x_wconf 83' lang='grc'><strong>74,</strong></span> <span class='ocrx_word' id='word_1_425' title='bbox 1489 1073 1520 1100; x_wconf 90' lang='grc'><strong>6.</strong></span> 
     </span>
    </p>

    <p class='ocr_par' dir='ltr' id='par_1_30' title="bbox 1100 1111 1811 1196">
     <span class='ocr_line' id='line_1_79' title="bbox 1100 1111 1811 1156; baseline -0.001 -10"><span class='ocrx_word' id='word_1_426' title='bbox 1100 1116 1213 1155; x_wconf 81' lang='grc' dir='ltr'><strong>ἡγεμὼν</strong></span> <span class='ocrx_word' id='word_1_427' title='bbox 1237 1116 1287 1144; x_wconf 83' lang='grc' dir='ltr'><strong>τοῦ</strong></span> <span class='ocrx_word' id='word_1_428' title='bbox 1317 1111 1510 1154; x_wconf 76' lang='grc' dir='ltr'><strong>ἐργαστηρίου,</strong></span> <span class='ocrx_word' id='word_1_429' title='bbox 1536 1114 1682 1155; x_wconf 83' lang='lat' dir='ltr'><strong>magister</strong></span> <span class='ocrx_word' id='word_1_430' title='bbox 1703 1124 1811 1156; x_wconf 85' lang='lat' dir='ltr'><strong>opera-</strong></span> 
     </span>
     <span class='ocr_line' id='line_1_80' title="bbox 1142 1157 1811 1196; baseline 0.001 -8"><span class='ocrx_word' id='word_1_431' title='bbox 1142 1168 1217 1188; x_wconf 85' lang='lat' dir='ltr'><strong>rum.</strong></span> <span class='ocrx_word' id='word_1_432' title='bbox 1235 1161 1289 1194; x_wconf 72' lang='lat'><strong>14,</strong></span> <span class='ocrx_word' id='word_1_433' title='bbox 1305 1160 1335 1187; x_wconf 84' lang='grc'><strong>2.</strong></span> <span class='ocrx_word' id='word_1_434' title='bbox 1359 1157 1470 1196; x_wconf 78' lang='grc' dir='ltr'><strong>ἡγεμὼν</strong></span> <span class='ocrx_word' id='word_1_435' title='bbox 1485 1158 1525 1187; x_wconf 85' lang='lat' dir='ltr'><strong>de</strong></span> <span class='ocrx_word' id='word_1_436' title='bbox 1540 1157 1675 1188; x_wconf 82' lang='lat' dir='ltr'><strong>soemina.</strong></span> <span class='ocrx_word' id='word_1_437' title='bbox 1689 1160 1742 1193; x_wconf 81' lang='grc'><strong>24,</strong></span> <span class='ocrx_word' id='word_1_438' title='bbox 1759 1160 1811 1189; x_wconf 87' lang='grc'><strong>24.</strong></span> 
     </span>
    </p>

    <p class='ocr_par' dir='ltr' id='par_1_31' title="bbox 1097 1199 1812 1241">
     <span class='ocr_line' id='line_1_81' title="bbox 1097 1199 1812 1241; baseline 0 -11"><span class='ocrx_word' id='word_1_439' title='bbox 1097 1200 1233 1241; x_wconf 65' lang='grc' dir='ltr'><strong>ἥδεσθαι]</strong></span> <span class='ocrx_word' id='word_1_440' title='bbox 1247 1199 1344 1231; x_wconf 70' lang='grc' dir='ltr'><strong>ἥδεται</strong></span> <span class='ocrx_word' id='word_1_441' title='bbox 1358 1200 1462 1240; x_wconf 76' lang='grc' dir='ltr'><strong>ὁμιλῶν</strong></span> <span class='ocrx_word' id='word_1_442' title='bbox 1478 1205 1510 1230; x_wconf 84' lang='lat' dir='ltr'><strong>et</strong></span> <span class='ocrx_word' id='word_1_443' title='bbox 1523 1199 1612 1238; x_wconf 78' lang='grc' dir='ltr'><strong>ξυνών.</strong></span> <span class='ocrx_word' id='word_1_444' title='bbox 1625 1203 1678 1236; x_wconf 83' lang='grc'><strong>21,</strong></span> <span class='ocrx_word' id='word_1_445' title='bbox 1691 1203 1744 1231; x_wconf 81' lang='grc'><strong>40.</strong></span> <span class='ocrx_word' id='word_1_446' title='bbox 1760 1204 1812 1231; x_wconf 84' lang='grc'><strong>42.</strong></span> 
     </span>
    </p>

    <p class='ocr_par' dir='ltr' id='par_1_32' title="bbox 1099 1242 1818 1755">
     <span class='ocr_line' id='line_1_82' title="bbox 1099 1242 1812 1286; baseline -0.004 -11"><span class='ocrx_word' id='word_1_447' title='bbox 1099 1244 1162 1286; x_wconf 71' lang='grc' dir='ltr'><strong>ἤδη]</strong></span> <span class='ocrx_word' id='word_1_448' title='bbox 1185 1243 1338 1275; x_wconf 77' lang='grc' dir='ltr'><strong>ἐπιλείπειν</strong></span> <span class='ocrx_word' id='word_1_449' title='bbox 1352 1244 1453 1277; x_wconf 79' lang='grc' dir='ltr'><strong>αὐτοὺς</strong></span> <span class='ocrx_word' id='word_1_450' title='bbox 1468 1242 1514 1274; x_wconf 73' lang='grc' dir='ltr'><strong>ἤδη</strong></span> <span class='ocrx_word' id='word_1_451' title='bbox 1532 1242 1656 1285; x_wconf 78' lang='grc' dir='ltr'><strong>ἄρχεται</strong></span> <span class='ocrx_word' id='word_1_452' title='bbox 1672 1244 1686 1274; x_wconf 83' lang='grc' dir='ltr'><strong>ἡ</strong></span> <span class='ocrx_word' id='word_1_453' title='bbox 1700 1243 1812 1284; x_wconf 79' lang='grc' dir='ltr'><strong>τόλμα.</strong></span> 
     </span>
     <span class='ocr_line' id='line_1_83' title="bbox 1142 1286 1814 1327; baseline -0.006 -8"><span class='ocrx_word' id='word_1_454' title='bbox 1142 1291 1175 1324; x_wconf 89' lang='grc'><strong>4,</strong></span> <span class='ocrx_word' id='word_1_455' title='bbox 1191 1290 1242 1319; x_wconf 89' lang='lat'><strong>16.</strong></span> <span class='ocrx_word' id='word_1_456' title='bbox 1266 1286 1324 1323; x_wconf 75' lang='grc' dir='ltr'><strong>ἥδη,</strong></span> <span class='ocrx_word' id='word_1_457' title='bbox 1340 1287 1492 1327; x_wconf 81' lang='lat' dir='ltr'><strong><em>protinus,</em></strong></span> <span class='ocrx_word' id='word_1_458' title='bbox 1512 1287 1625 1322; x_wconf 86' lang='lat' dir='ltr'><strong><em>statim,</em></strong></span> <span class='ocrx_word' id='word_1_459' title='bbox 1641 1286 1814 1323; x_wconf 88' lang='lat' dir='ltr'><strong><em>confestim,</em></strong></span> 
     </span>
     <span class='ocr_line' id='line_1_84' title="bbox 1143 1328 1815 1371; baseline -0.003 -10"><span class='ocrx_word' id='word_1_460' title='bbox 1143 1341 1161 1361; x_wconf 88' lang='lat' dir='ltr'><strong>e</strong></span> <span class='ocrx_word' id='word_1_461' title='bbox 1184 1330 1326 1371; x_wconf 75' lang='lat' dir='ltr'><strong>vestigio.</strong></span> <span class='ocrx_word' id='word_1_462' title='bbox 1350 1332 1384 1366; x_wconf 92' lang='lat'><strong>7,</strong></span> <span class='ocrx_word' id='word_1_463' title='bbox 1407 1333 1438 1361; x_wconf 84' lang='grc'><strong>2.</strong></span> <span class='ocrx_word' id='word_1_464' title='bbox 1465 1331 1557 1370; x_wconf 74' lang='grc' dir='ltr'><strong>κριτὴς</strong></span> <span class='ocrx_word' id='word_1_465' title='bbox 1586 1328 1673 1366; x_wconf 81' lang='grc' dir='ltr'><strong>λόγων</strong></span> <span class='ocrx_word' id='word_1_466' title='bbox 1695 1332 1815 1359; x_wconf 64' lang='grc' dir='ltr'><strong>πολλῶν</strong></span> 
     </span>
     <span class='ocr_line' id='line_1_85' title="bbox 1142 1372 1814 1414; baseline -0.001 -11"><span class='ocrx_word' id='word_1_467' title='bbox 1142 1373 1188 1404; x_wconf 69' lang='grc' dir='ltr'><strong>ἤδη</strong></span> <span class='ocrx_word' id='word_1_468' title='bbox 1204 1372 1312 1414; x_wconf 66' lang='grc' dir='ltr'><strong>ᾔρέθην.</strong></span> <span class='ocrx_word' id='word_1_469' title='bbox 1329 1376 1383 1409; x_wconf 82' lang='grc'><strong>21,</strong></span> <span class='ocrx_word' id='word_1_470' title='bbox 1397 1375 1450 1404; x_wconf 85' lang='grc'><strong>34.</strong></span> <span class='ocrx_word' id='word_1_471' title='bbox 1473 1374 1599 1414; x_wconf 79' lang='grc' dir='ltr'><strong>συνεχῶς</strong></span> <span class='ocrx_word' id='word_1_472' title='bbox 1612 1372 1674 1406; x_wconf 81' lang='grc' dir='ltr'><strong>ἔτος</strong></span> <span class='ocrx_word' id='word_1_473' title='bbox 1689 1372 1734 1403; x_wconf 68' lang='grc' dir='ltr'><strong>ἥδη</strong></span> <span class='ocrx_word' id='word_1_474' title='bbox 1749 1385 1814 1402; x_wconf 82' lang='grc' dir='ltr'><strong>του-</strong></span> 
     </span>
     <span class='ocr_line' id='line_1_86' title="bbox 1142 1414 1815 1456; baseline 0.001 -11"><span class='ocrx_word' id='word_1_475' title='bbox 1142 1415 1174 1446; x_wconf 76' lang='grc' dir='ltr'><strong>τὶ</strong></span> <span class='ocrx_word' id='word_1_476' title='bbox 1194 1414 1285 1456; x_wconf 87' lang='grc' dir='ltr'><strong>τρίτον</strong></span> <span class='ocrx_word' id='word_1_477' title='bbox 1306 1418 1484 1455; x_wconf 77' lang='grc' dir='ltr'><strong>στρατηγῶν.</strong></span> <span class='ocrx_word' id='word_1_478' title='bbox 1506 1418 1561 1451; x_wconf 87' lang='grc'><strong>48,</strong></span> <span class='ocrx_word' id='word_1_479' title='bbox 1577 1417 1609 1445; x_wconf 85' lang='grc'><strong>6.</strong></span> <span class='ocrx_word' id='word_1_480' title='bbox 1632 1414 1738 1456; x_wconf 81' lang='grc' dir='ltr'><strong>θόρυβον</strong></span> <span class='ocrx_word' id='word_1_481' title='bbox 1761 1418 1815 1446; x_wconf 79' lang='grc' dir='ltr'><strong>τῶν</strong></span> 
     </span>
     <span class='ocr_line' id='line_1_87' title="bbox 1143 1458 1818 1500; baseline -0.003 -10"><span class='ocrx_word' id='word_1_482' title='bbox 1143 1461 1325 1499; x_wconf 79' lang='grc' dir='ltr'><strong>συκοφαντῶν</strong></span> <span class='ocrx_word' id='word_1_483' title='bbox 1340 1459 1386 1490; x_wconf 73' lang='grc' dir='ltr'><strong>ἤδη</strong></span> <span class='ocrx_word' id='word_1_484' title='bbox 1402 1458 1504 1489; x_wconf 76' lang='grc' dir='ltr'><strong>πολλοὶ</strong></span> <span class='ocrx_word' id='word_1_485' title='bbox 1525 1460 1580 1488; x_wconf 83' lang='grc' dir='ltr'><strong>τῶν</strong></span> <span class='ocrx_word' id='word_1_486' title='bbox 1593 1459 1648 1492; x_wconf 68' lang='grc' dir='ltr'><strong>τὰς</strong></span> <span class='ocrx_word' id='word_1_487' title='bbox 1667 1458 1769 1500; x_wconf 67' lang='grc' dir='ltr'><strong>ψυχᾶς</strong></span> <span class='ocrx_word' id='word_1_488' title='bbox 1791 1458 1818 1488; x_wconf 84' lang='grc' dir='ltr'><strong>ἐν</strong></span> 
     </span>
     <span class='ocr_line' id='line_1_88' title="bbox 1143 1501 1815 1542; baseline -0.002 -10"><span class='ocrx_word' id='word_1_489' title='bbox 1143 1503 1205 1537; x_wconf 81' lang='grc' dir='ltr'><strong>τοῖς</strong></span> <span class='ocrx_word' id='word_1_490' title='bbox 1227 1501 1364 1542; x_wconf 78' lang='grc' dir='ltr'><strong>πολέμοις</strong></span> <span class='ocrx_word' id='word_1_491' title='bbox 1383 1504 1524 1542; x_wconf 88' lang='grc' dir='ltr'><strong>λαμπρῶν</strong></span> <span class='ocrx_word' id='word_1_492' title='bbox 1548 1501 1604 1542; x_wconf 79' lang='grc' dir='ltr'><strong>οὐχ</strong></span> <span class='ocrx_word' id='word_1_493' title='bbox 1629 1501 1815 1533; x_wconf 63' lang='grc' dir='ltr'><strong>ὑπέστησαν.</strong></span> 
     </span>
     <span class='ocr_line' id='line_1_89' title="bbox 1145 1544 1816 1587; baseline -0.003 -11"><span class='ocrx_word' id='word_1_494' title='bbox 1145 1547 1201 1581; x_wconf 89' lang='grc'><strong>52</strong></span> <span class='ocrx_word' id='word_1_495' title='bbox 1214 1548 1265 1577; x_wconf 92' lang='grc'><strong>26.</strong></span> <span class='ocrx_word' id='word_1_496' title='bbox 1289 1545 1336 1576; x_wconf 81' lang='grc' dir='ltr'><strong>ηδη</strong></span> <span class='ocrx_word' id='word_1_497' title='bbox 1353 1544 1439 1587; x_wconf 79' lang='grc' dir='ltr'><strong>πὸῥρω</strong></span> <span class='ocrx_word' id='word_1_498' title='bbox 1455 1547 1507 1580; x_wconf 70' lang='grc' dir='ltr'><strong>τῆς</strong></span> <span class='ocrx_word' id='word_1_499' title='bbox 1532 1544 1639 1585; x_wconf 77' lang='grc' dir='ltr'><strong>ἡμέρας</strong></span> <span class='ocrx_word' id='word_1_500' title='bbox 1654 1544 1745 1579; x_wconf 72' lang='grc' dir='ltr'><strong>οὔσης.</strong></span> <span class='ocrx_word' id='word_1_501' title='bbox 1761 1547 1816 1582; x_wconf 90' lang='lat'><strong>70,</strong></span> 
     </span>
     <span class='ocr_line' id='line_1_90' title="bbox 1146 1587 1816 1629; baseline -0.003 -10"><span class='ocrx_word' id='word_1_502' title='bbox 1146 1591 1199 1621; x_wconf 90' lang='lat'><strong>40.</strong></span> <span class='ocrx_word' id='word_1_503' title='bbox 1222 1600 1263 1619; x_wconf 90' lang='grc' dir='ltr'><strong>νυν</strong></span> <span class='ocrx_word' id='word_1_504' title='bbox 1274 1588 1299 1618; x_wconf 80' lang='grc' dir='ltr'><strong>δ’</strong></span> <span class='ocrx_word' id='word_1_505' title='bbox 1312 1588 1359 1620; x_wconf 74' lang='grc' dir='ltr'><strong>ἤδη</strong></span> <span class='ocrx_word' id='word_1_506' title='bbox 1375 1587 1614 1619; x_wconf 69' lang='grc' dir='ltr'><strong>καταπεωλυται</strong></span> <span class='ocrx_word' id='word_1_507' title='bbox 1630 1600 1663 1617; x_wconf 87' lang='grc' dir='ltr'><strong>το</strong></span> <span class='ocrx_word' id='word_1_508' title='bbox 1678 1590 1816 1629; x_wconf 69' lang='grc' dir='ltr'><strong>πρᾶγμα.</strong></span> 
     </span>
     <span class='ocr_line' id='line_1_91' title="bbox 1145 1631 1817 1673; baseline -0.006 -10"><span class='ocrx_word' id='word_1_509' title='bbox 1145 1634 1200 1669; x_wconf 87' lang='grc'><strong>79,</strong></span> <span class='ocrx_word' id='word_1_510' title='bbox 1214 1635 1265 1663; x_wconf 88' lang='grc'><strong>24.</strong></span> <span class='ocrx_word' id='word_1_511' title='bbox 1279 1631 1480 1671; x_wconf 79' lang='grc' dir='ltr'><strong>διαφευγούσης</strong></span> <span class='ocrx_word' id='word_1_512' title='bbox 1494 1631 1539 1662; x_wconf 90' lang='grc' dir='ltr'><strong>η’δη</strong></span> <span class='ocrx_word' id='word_1_513' title='bbox 1551 1643 1602 1664; x_wconf 91' lang='grc' dir='ltr'><strong>της</strong></span> <span class='ocrx_word' id='word_1_514' title='bbox 1618 1631 1817 1673; x_wconf 80' lang='grc' dir='ltr'><strong>δημοκρατίας.</strong></span> 
     </span>
     <span class='ocr_line' id='line_1_92' title="bbox 1147 1673 1816 1713; baseline -0.003 -7"><span class='ocrx_word' id='word_1_515' title='bbox 1147 1678 1201 1712; x_wconf 86' lang='grc'><strong>89,</strong></span> <span class='ocrx_word' id='word_1_516' title='bbox 1231 1678 1284 1706; x_wconf 84' lang='grc'><strong>20.</strong></span> <span class='ocrx_word' id='word_1_517' title='bbox 1315 1674 1372 1705; x_wconf 64' lang='lat' dir='ltr'><strong>{wa</strong></span> <span class='ocrx_word' id='word_1_518' title='bbox 1395 1676 1532 1709; x_wconf 73' lang='grc' dir='ltr'><strong>τελευτῆς</strong></span> <span class='ocrx_word' id='word_1_519' title='bbox 1561 1673 1607 1706; x_wconf 77' lang='grc' dir='ltr'><strong>ἤδη</strong></span> <span class='ocrx_word' id='word_1_520' title='bbox 1636 1675 1686 1704; x_wconf 81' lang='grc' dir='ltr'><strong>τοῦ</strong></span> <span class='ocrx_word' id='word_1_521' title='bbox 1723 1675 1816 1713; x_wconf 87' lang='grc' dir='ltr'><strong>λόγου.</strong></span> 
     </span>
     <span class='ocr_line' id='line_1_93' title="bbox 1148 1720 1270 1755; baseline 0.008 -7"><span class='ocrx_word' id='word_1_522' title='bbox 1148 1720 1202 1755; x_wconf 86' lang='grc'><strong>90,</strong></span> <span class='ocrx_word' id='word_1_523' title='bbox 1218 1721 1270 1749; x_wconf 90' lang='grc'><strong>14.</strong></span> 
     </span>
    </p>

    <p class='ocr_par' dir='ltr' id='par_1_33' title="bbox 1104 1759 1820 2047">
     <span class='ocr_line' id='line_1_94' title="bbox 1104 1759 1818 1802; baseline -0.001 -10"><span class='ocrx_word' id='word_1_524' title='bbox 1104 1761 1192 1801; x_wconf 75' lang='grc' dir='ltr'><strong>ἡδονὴ]</strong></span> <span class='ocrx_word' id='word_1_525' title='bbox 1216 1762 1283 1796; x_wconf 80' lang='grc' dir='ltr'><strong>ταῖς</strong></span> <span class='ocrx_word' id='word_1_526' title='bbox 1304 1759 1479 1802; x_wconf 80' lang='grc' dir='ltr'><strong>αἰσχίσταις</strong></span> <span class='ocrx_word' id='word_1_527' title='bbox 1499 1760 1604 1795; x_wconf 76' lang='grc' dir='ltr'><strong>ἡδοναῖς</strong></span> <span class='ocrx_word' id='word_1_528' title='bbox 1622 1759 1763 1790; x_wconf 84' lang='grc' dir='ltr'><strong>δουλεύειν.</strong></span> <span class='ocrx_word' id='word_1_529' title='bbox 1786 1762 1818 1796; x_wconf 89' lang='grc'><strong>6,</strong></span> 
     </span>
     <span class='ocr_line' id='line_1_95' title="bbox 1149 1802 1819 1845; baseline -0.004 -10"><span class='ocrx_word' id='word_1_530' title='bbox 1149 1806 1203 1835; x_wconf 85' lang='grc'><strong>33.</strong></span> <span class='ocrx_word' id='word_1_531' title='bbox 1231 1802 1394 1842; x_wconf 76' lang='grc' dir='ltr'><strong>ἐπείγεσθαι</strong></span> <span class='ocrx_word' id='word_1_532' title='bbox 1415 1803 1522 1844; x_wconf 85' lang='grc' dir='ltr'><strong>σφόδρα</strong></span> <span class='ocrx_word' id='word_1_533' title='bbox 1545 1802 1617 1845; x_wconf 65' lang='grc' dir='ltr'><strong>πρὸς</strong></span> <span class='ocrx_word' id='word_1_534' title='bbox 1639 1805 1694 1837; x_wconf 77' lang='grc' dir='ltr'><strong>τας</strong></span> <span class='ocrx_word' id='word_1_535' title='bbox 1717 1804 1819 1837; x_wconf 78' lang='grc' dir='ltr'><strong>ἡδονάς.</strong></span> 
     </span>
     <span class='ocr_line' id='line_1_96' title="bbox 1150 1845 1819 1887; baseline -0.001 -9"><span class='ocrx_word' id='word_1_536' title='bbox 1150 1850 1201 1883; x_wconf 88' lang='grc'><strong>13,</strong></span> <span class='ocrx_word' id='word_1_537' title='bbox 1226 1850 1279 1878; x_wconf 85' lang='grc'><strong>41.</strong></span> <span class='ocrx_word' id='word_1_538' title='bbox 1310 1848 1460 1887; x_wconf 76' lang='grc' dir='ltr'><strong>προπετεῖς</strong></span> <span class='ocrx_word' id='word_1_539' title='bbox 1487 1848 1536 1877; x_wconf 79' lang='grc' dir='ltr'><strong>τοῦ</strong></span> <span class='ocrx_word' id='word_1_540' title='bbox 1562 1847 1700 1885; x_wconf 77' lang='grc' dir='ltr'><strong>σώματος</strong></span> <span class='ocrx_word' id='word_1_541' title='bbox 1723 1845 1819 1877; x_wconf 86' lang='grc' dir='ltr'><strong>ἡδοναί.</strong></span> 
     </span>
     <span class='ocr_line' id='line_1_97' title="bbox 1149 1888 1820 1929; baseline -0.001 -9"><span class='ocrx_word' id='word_1_542' title='bbox 1149 1892 1203 1925; x_wconf 87' lang='grc'><strong>27,</strong></span> <span class='ocrx_word' id='word_1_543' title='bbox 1221 1893 1251 1920; x_wconf 83' lang='lat'><strong>8.</strong></span> <span class='ocrx_word' id='word_1_544' title='bbox 1274 1888 1340 1929; x_wconf 75' lang='grc' dir='ltr'><strong>ποία</strong></span> <span class='ocrx_word' id='word_1_545' title='bbox 1361 1889 1514 1929; x_wconf 60' lang='grc' dir='ltr'><strong>κρατηθεῖς</strong></span> <span class='ocrx_word' id='word_1_546' title='bbox 1537 1889 1620 1929; x_wconf 66' lang='grc' dir='ltr'><strong>ἡδονῇ.</strong></span> <span class='ocrx_word' id='word_1_547' title='bbox 1636 1892 1691 1924; x_wconf 85' lang='grc'><strong>48,</strong></span> <span class='ocrx_word' id='word_1_548' title='bbox 1707 1892 1760 1919; x_wconf 86' lang='grc'><strong>29.</strong></span> <span class='ocrx_word' id='word_1_549' title='bbox 1776 1890 1820 1919; x_wconf 85' lang='grc' dir='ltr'><strong>οὖ-</strong></span> 
     </span>
     <span class='ocr_line' id='line_1_98' title="bbox 1149 1931 1818 1972; baseline 0.003 -12"><span class='ocrx_word' id='word_1_550' title='bbox 1149 1931 1202 1967; x_wconf 76' lang='grc' dir='ltr'><strong>δεὶς</strong></span> <span class='ocrx_word' id='word_1_551' title='bbox 1217 1934 1295 1972; x_wconf 76' lang='grc' dir='ltr'><strong>ὑμῶν</strong></span> <span class='ocrx_word' id='word_1_552' title='bbox 1308 1932 1353 1961; x_wconf 69' lang='grc' dir='ltr'><strong>διὰ</strong></span> <span class='ocrx_word' id='word_1_553' title='bbox 1370 1934 1425 1966; x_wconf 73' lang='grc' dir='ltr'><strong>τὰς</strong></span> <span class='ocrx_word' id='word_1_554' title='bbox 1439 1931 1514 1971; x_wconf 77' lang='grc' dir='ltr'><strong>ἐμὰς</strong></span> <span class='ocrx_word' id='word_1_555' title='bbox 1532 1932 1622 1965; x_wconf 77' lang='grc' dir='ltr'><strong>ἡδονὰς</strong></span> <span class='ocrx_word' id='word_1_556' title='bbox 1637 1933 1730 1962; x_wconf 75' lang='grc' dir='ltr'><strong>κάκιον</strong></span> <span class='ocrx_word' id='word_1_557' title='bbox 1741 1932 1818 1962; x_wconf 77' lang='grc' dir='ltr'><strong>οἶκεῖ.</strong></span> 
     </span>
     <span class='ocr_line' id='line_1_99' title="bbox 1148 1975 1819 2015; baseline 0 -10"><span class='ocrx_word' id='word_1_558' title='bbox 1148 1976 1203 2011; x_wconf 83' lang='grc'><strong>52,</strong></span> <span class='ocrx_word' id='word_1_559' title='bbox 1220 1977 1272 2005; x_wconf 82' lang='grc'><strong>31.</strong></span> <span class='ocrx_word' id='word_1_560' title='bbox 1294 1976 1423 2015; x_wconf 82' lang='grc' dir='ltr'><strong>χορηγεῖς</strong></span> <span class='ocrx_word' id='word_1_561' title='bbox 1433 1976 1499 2010; x_wconf 83' lang='grc' dir='ltr'><strong>ταῖς</strong></span> <span class='ocrx_word' id='word_1_562' title='bbox 1514 1976 1620 2004; x_wconf 81' lang='grc' dir='ltr'><strong>σαυτοῦ</strong></span> <span class='ocrx_word' id='word_1_563' title='bbox 1637 1975 1750 2009; x_wconf 81' lang='grc' dir='ltr'><strong>ἡδοναῖς.</strong></span> <span class='ocrx_word' id='word_1_564' title='bbox 1765 1978 1819 2013; x_wconf 87' lang='grc'><strong>88,</strong></span> 
     </span>
     <span class='ocr_line' id='line_1_100' title="bbox 1150 2020 1203 2047; baseline 0.019 -1"><span class='ocrx_word' id='word_1_565' title='bbox 1150 2020 1203 2047; x_wconf 83' lang='grc'><strong>12.</strong></span> 
     </span>
    </p>

    <p class='ocr_par' dir='ltr' id='par_1_34' title="bbox 1107 2057 1822 2180">
     <span class='ocr_line' id='line_1_101' title="bbox 1107 2057 1822 2100; baseline -0.001 -9"><span class='ocrx_word' id='word_1_566' title='bbox 1107 2061 1168 2095; x_wconf 75' lang='grc' dir='ltr'><strong>ἡδὺς</strong></span> <span class='ocrx_word' id='word_1_567' title='bbox 1189 2061 1250 2100; x_wconf 72' lang='grc' dir='ltr'><strong>ἀνὴρ</strong></span> <span class='ocrx_word' id='word_1_568' title='bbox 1270 2058 1319 2089; x_wconf 76' lang='grc' dir='ltr'><strong>καὶ</strong></span> <span class='ocrx_word' id='word_1_569' title='bbox 1334 2060 1420 2100; x_wconf 64' lang='grc' dir='ltr'><strong>’.παρὰ</strong></span> <span class='ocrx_word' id='word_1_570' title='bbox 1434 2061 1490 2094; x_wconf 75' lang='grc' dir='ltr'><strong>τὰς</strong></span> <span class='ocrx_word' id='word_1_571' title='bbox 1505 2057 1594 2094; x_wconf 84' lang='grc' dir='ltr'><strong>ἡδείας</strong></span> <span class='ocrx_word' id='word_1_572' title='bbox 1609 2059 1756 2099; x_wconf 72' lang='grc' dir='ltr'><strong>διατριβὰς</strong></span> <span class='ocrx_word' id='word_1_573' title='bbox 1774 2072 1822 2099; x_wconf 87' lang='grc' dir='ltr'><strong>γε-</strong></span> 
     </span>
     <span class='ocr_line' id='line_1_102' title="bbox 1150 2101 1822 2143; baseline 0.001 -11"><span class='ocrx_word' id='word_1_574' title='bbox 1150 2104 1232 2138; x_wconf 86' lang='grc' dir='ltr'><strong>λοῖός.</strong></span> <span class='ocrx_word' id='word_1_575' title='bbox 1254 2105 1307 2137; x_wconf 90' lang='grc'><strong>17,</strong></span> <span class='ocrx_word' id='word_1_576' title='bbox 1327 2105 1381 2132; x_wconf 86' lang='grc'><strong>41.</strong></span> <span class='ocrx_word' id='word_1_577' title='bbox 1405 2102 1466 2136; x_wconf 83' lang='grc' dir='ltr'><strong>ἡδὺς</strong></span> <span class='ocrx_word' id='word_1_578' title='bbox 1487 2102 1537 2132; x_wconf 80' lang='grc' dir='ltr'><strong>καὶ</strong></span> <span class='ocrx_word' id='word_1_579' title='bbox 1563 2101 1755 2143; x_wconf 63' lang='grc' dir='ltr'><strong>ἐπαφρόδιτος</strong></span> <span class='ocrx_word' id='word_1_580' title='bbox 1775 2104 1822 2133; x_wconf 72' lang='grc' dir='ltr'><strong>ἄν·</strong></span> 
     </span>
     <span class='ocr_line' id='line_1_103' title="bbox 1150 2145 1418 2187; baseline 0.008 -12"><span class='ocrx_word' id='word_1_581' title='bbox 1150 2145 1174 2175; x_wconf 65' lang='grc' dir='ltr'><strong>θ’</strong></span> <span class='ocrx_word' id='word_1_582' title='bbox 1174 2157 1278 2187; x_wconf 74' lang='grc' dir='ltr'><strong>ρ.ωω·ος</strong></span> <span class='ocrx_word' id='word_1_583' title='bbox 1297 2147 1351 2180; x_wconf 79' lang='grc'><strong>33,</strong></span> <span class='ocrx_word' id='word_1_584' title='bbox 1366 2147 1418 2177; x_wconf 89' lang='grc'><strong>35</strong></span> 
     </span>
    </p>

    <p class='ocr_par' dir='ltr' id='par_1_35' title="bbox 1107 2186 1822 2272">
     <span class='ocr_line' id='line_1_104' title="bbox 1107 2186 1822 2229; baseline 0 -10"><span class='ocrx_word' id='word_1_585' title='bbox 1107 2186 1183 2229; x_wconf 85' lang='grc' dir='ltr'><strong>ὴθος]</strong></span> <span class='ocrx_word' id='word_1_586' title='bbox 1203 2186 1418 2229; x_wconf 85' lang='grc' dir='ltr'><strong>δημοκρατίας”</strong></span> <span class='ocrx_word' id='word_1_587' title='bbox 1405 2199 1492 2229; x_wconf 87' lang='grc' dir='ltr'><strong>ονομα</strong></span> <span class='ocrx_word' id='word_1_588' title='bbox 1506 2188 1534 2218; x_wconf 83' lang='grc' dir='ltr'><strong>οὖ</strong></span> <span class='ocrx_word' id='word_1_589' title='bbox 1548 2200 1608 2223; x_wconf 87' lang='grc' dir='ltr'><strong>τοις</strong></span> <span class='ocrx_word' id='word_1_590' title='bbox 1618 2187 1725 2227; x_wconf 69' lang='grc' dir='ltr'><strong>ἤθεσιν,</strong></span> <span class='ocrx_word' id='word_1_591' title='bbox 1741 2188 1822 2219; x_wconf 76' lang='grc' dir='ltr'><strong>ἄλλα</strong></span> 
     </span>
     <span class='ocr_line' id='line_1_105' title="bbox 1150 2230 1677 2272; baseline 0 -10"><span class='ocrx_word' id='word_1_592' title='bbox 1150 2244 1186 2263; x_wconf 89' lang='grc' dir='ltr'><strong>τη</strong></span> <span class='ocrx_word' id='word_1_593' title='bbox 1203 2230 1336 2262; x_wconf 83' lang='grc' dir='ltr'><strong>κολακεία</strong></span> <span class='ocrx_word' id='word_1_594' title='bbox 1350 2231 1561 2272; x_wconf 68' lang='grc' dir='ltr'><strong>θεραπεύοντες.</strong></span> <span class='ocrx_word' id='word_1_595' title='bbox 1576 2233 1630 2267; x_wconf 90' lang='grc'><strong>52,</strong></span> <span class='ocrx_word' id='word_1_596' title='bbox 1646 2235 1677 2262; x_wconf 88' lang='grc'><strong>4.</strong></span> 
     </span>
    </p>

    <p class='ocr_par' dir='ltr' id='par_1_36' title="bbox 1107 2273 1824 2530">
     <span class='ocr_line' id='line_1_106' title="bbox 1107 2273 1822 2328; baseline 0 -23"><span class='ocrx_word' id='word_1_597' title='bbox 1107 2275 1195 2316; x_wconf 74' lang='grc' dir='ltr'><strong>ήκειν]</strong></span> <span class='ocrx_word' id='word_1_598' title='bbox 1228 2273 1481 2328; x_wconf 63' lang='grc' dir='ltr'><strong>παρακεκλημένοι</strong></span> <span class='ocrx_word' id='word_1_599' title='bbox 1503 2286 1576 2309; x_wconf 85' lang='grc' dir='ltr'><strong>τινες</strong></span> <span class='ocrx_word' id='word_1_600' title='bbox 1598 2277 1653 2305; x_wconf 83' lang='grc' dir='ltr'><strong>τῶν</strong></span> <span class='ocrx_word' id='word_1_601' title='bbox 1679 2275 1822 2314; x_wconf 70' lang='grc' dir='ltr'><strong>μαθητῶν</strong></span> 
     </span>
     <span class='ocr_line' id='line_1_107' title="bbox 1152 2317 1821 2358; baseline 0.001 -11"><span class='ocrx_word' id='word_1_602' title='bbox 1151 2317 1306 2351; x_wconf 86' lang='grc' dir='ltr'><strong>ηκουσινεῖς</strong></span> <span class='ocrx_word' id='word_1_603' title='bbox 1318 2319 1366 2348; x_wconf 82' lang='grc' dir='ltr'><strong>τὴν</strong></span> <span class='ocrx_word' id='word_1_604' title='bbox 1382 2317 1521 2358; x_wconf 77' lang='grc' dir='ltr'><strong>ἀκρόασιν.</strong></span> <span class='ocrx_word' id='word_1_605' title='bbox 1533 2319 1647 2353; x_wconf 84' lang='grc'><strong>24,37.</strong></span> <span class='ocrx_word' id='word_1_606' title='bbox 1661 2317 1741 2354; x_wconf 78' lang='grc' dir='ltr'><strong>η’κειν,</strong></span> <span class='ocrx_word' id='word_1_607' title='bbox 1752 2320 1821 2349; x_wconf 90' lang='lat' dir='ltr'><strong>red-</strong></span> 
     </span>
     <span class='ocr_line' id='line_1_108' title="bbox 1151 2357 1824 2398; baseline -0.001 -6"><span class='ocrx_word' id='word_1_608' title='bbox 1151 2361 1197 2392; x_wconf 87' lang='lat' dir='ltr'><strong>ire</strong></span> <span class='ocrx_word' id='word_1_609' title='bbox 1211 2361 1296 2398; x_wconf 88' lang='lat' dir='ltr'><strong><em>illuc,</em></strong></span> <span class='ocrx_word' id='word_1_610' title='bbox 1311 2361 1395 2391; x_wconf 84' lang='lat' dir='ltr'><strong>unde</strong></span> <span class='ocrx_word' id='word_1_611' title='bbox 1410 2370 1596 2391; x_wconf 52' lang='lat' dir='ltr'><strong>excesseras</strong></span> <span class='ocrx_word' id='word_1_612' title='bbox 1623 2363 1677 2397; x_wconf 87' lang='lat'><strong>48,</strong></span> <span class='ocrx_word' id='word_1_613' title='bbox 1695 2363 1748 2392; x_wconf 84' lang='grc'><strong>31.</strong></span> <span class='ocrx_word' id='word_1_614' title='bbox 1779 2357 1824 2391; x_wconf 62' lang='lat'><strong>05-</strong></span> 
     </span>
     <span class='ocr_line' id='line_1_109' title="bbox 1152 2402 1823 2444; baseline -0.003 -9"><span class='ocrx_word' id='word_1_615' title='bbox 1152 2416 1196 2435; x_wconf 87' lang='grc' dir='ltr'><strong>τοι</strong></span> <span class='ocrx_word' id='word_1_616' title='bbox 1206 2416 1248 2435; x_wconf 77' lang='grc' dir='ltr'><strong>νυν</strong></span> <span class='ocrx_word' id='word_1_617' title='bbox 1262 2403 1309 2434; x_wconf 78' lang='grc' dir='ltr'><strong>ἐπ’</strong></span> <span class='ocrx_word' id='word_1_618' title='bbox 1323 2403 1378 2443; x_wconf 82' lang='grc' dir='ltr'><strong>ἐμὲ</strong></span> <span class='ocrx_word' id='word_1_619' title='bbox 1388 2402 1712 2444; x_wconf 80' lang='grc' dir='ltr'><strong>συστραφέντεςηκουσι.</strong></span> <span class='ocrx_word' id='word_1_620' title='bbox 1724 2407 1777 2440; x_wconf 82' lang='grc'><strong>52,</strong></span> <span class='ocrx_word' id='word_1_621' title='bbox 1791 2407 1823 2435; x_wconf 87' lang='lat'><strong>6.</strong></span> 
     </span>
     <span class='ocr_line' id='line_1_110' title="bbox 1152 2446 1824 2488; baseline 0.001 -10"><span class='ocrx_word' id='word_1_622' title='bbox 1152 2447 1222 2479; x_wconf 70' lang='grc' dir='ltr'><strong>ἥκειν</strong></span> <span class='ocrx_word' id='word_1_623' title='bbox 1237 2446 1305 2488; x_wconf 70' lang='grc' dir='ltr'><strong>ἅμα</strong></span> <span class='ocrx_word' id='word_1_624' title='bbox 1320 2447 1359 2488; x_wconf 70' lang='grc' dir='ltr'><strong>τῇ</strong></span> <span class='ocrx_word' id='word_1_625' title='bbox 1372 2446 1474 2487; x_wconf 76' lang='grc' dir='ltr'><strong>ἡμέρᾳ.</strong></span> <span class='ocrx_word' id='word_1_626' title='bbox 1491 2449 1546 2483; x_wconf 92' lang='grc'><strong>70,</strong></span> <span class='ocrx_word' id='word_1_627' title='bbox 1568 2447 1687 2487; x_wconf 86' lang='lat' dir='ltr'><strong>penult.</strong></span> <span class='ocrx_word' id='word_1_628' title='bbox 1711 2447 1824 2479; x_wconf 67' lang='grc' dir='ltr'><strong>πανδη-</strong></span> 
     </span>
     <span class='ocr_line' id='line_1_111' title="bbox 1153 2489 1396 2530; baseline 0.004 -11"><span class='ocrx_word' id='word_1_629' title='bbox 1153 2492 1203 2530; x_wconf 76' lang='grc' dir='ltr'><strong>μεὶ</strong></span> <span class='ocrx_word' id='word_1_630' title='bbox 1217 2489 1286 2521; x_wconf 67' lang='grc' dir='ltr'><strong>ἧκον.</strong></span> <span class='ocrx_word' id='word_1_631' title='bbox 1299 2493 1353 2526; x_wconf 91' lang='grc'><strong>71,</strong></span> <span class='ocrx_word' id='word_1_632' title='bbox 1365 2492 1396 2520; x_wconf 91' lang='grc'><strong>6.</strong></span> 
     </span>
    </p>

    <p class='ocr_par' dir='ltr' id='par_1_37' title="bbox 1111 2530 1826 3047">
     <span class='ocr_line' id='line_1_112' title="bbox 1111 2530 1824 2574; baseline -0.001 -9"><span class='ocrx_word' id='word_1_633' title='bbox 1111 2532 1221 2574; x_wconf 83' lang='grc' dir='ltr'><strong>ἡλικία]</strong></span> <span class='ocrx_word' id='word_1_634' title='bbox 1244 2532 1351 2573; x_wconf 83' lang='grc' dir='ltr'><strong>μηδένα</strong></span> <span class='ocrx_word' id='word_1_635' title='bbox 1363 2534 1418 2563; x_wconf 83' lang='grc' dir='ltr'><strong>τῶν</strong></span> <span class='ocrx_word' id='word_1_636' title='bbox 1435 2531 1461 2562; x_wconf 80' lang='grc' dir='ltr'><strong>ἐν</strong></span> <span class='ocrx_word' id='word_1_637' title='bbox 1480 2530 1585 2572; x_wconf 71' lang='grc' dir='ltr'><strong>ἡλικία,</strong></span> <span class='ocrx_word' id='word_1_638' title='bbox 1598 2532 1753 2563; x_wconf 87' lang='lat' dir='ltr'><strong>neminem</strong></span> <span class='ocrx_word' id='word_1_639' title='bbox 1770 2543 1824 2564; x_wconf 90' lang='lat' dir='ltr'><strong>eo-</strong></span> 
     </span>
     <span class='ocr_line' id='line_1_113' title="bbox 1153 2575 1825 2617; baseline -0.001 -10"><span class='ocrx_word' id='word_1_640' title='bbox 1153 2587 1231 2612; x_wconf 84' lang='lat' dir='ltr'><strong><em>rum,</em></strong></span> <span class='ocrx_word' id='word_1_641' title='bbox 1243 2577 1297 2617; x_wconf 91' lang='lat' dir='ltr'><strong>qui</strong></span> <span class='ocrx_word' id='word_1_642' title='bbox 1311 2581 1431 2607; x_wconf 84' lang='lat' dir='ltr'><strong>aetatem</strong></span> <span class='ocrx_word' id='word_1_643' title='bbox 1445 2575 1569 2616; x_wconf 85' lang='lat' dir='ltr'>plenam</span> <span class='ocrx_word' id='word_1_644' title='bbox 1582 2575 1700 2605; x_wconf 87' lang='lat' dir='ltr'><strong>virilem</strong></span> <span class='ocrx_word' id='word_1_645' title='bbox 1717 2576 1825 2617; x_wconf 84' lang='lat' dir='ltr'><strong>adepti</strong></span> 
     </span>
     <span class='ocr_line' id='line_1_114' title="bbox 1155 2618 1825 2659; baseline -0.001 -9"><span class='ocrx_word' id='word_1_646' title='bbox 1155 2625 1236 2656; x_wconf 89' lang='lat' dir='ltr'><strong><em>sunt,</em></strong></span> <span class='ocrx_word' id='word_1_647' title='bbox 1248 2620 1393 2650; x_wconf 83' lang='lat' dir='ltr'><strong>idoneam</strong></span> <span class='ocrx_word' id='word_1_648' title='bbox 1406 2619 1547 2659; x_wconf 83' lang='lat' dir='ltr'><strong>gerendis</strong></span> <span class='ocrx_word' id='word_1_649' title='bbox 1558 2618 1725 2649; x_wconf 89' lang='lat' dir='ltr'><strong>honoribus</strong></span> <span class='ocrx_word' id='word_1_650' title='bbox 1736 2623 1769 2649; x_wconf 88' lang='lat' dir='ltr'><strong>et</strong></span> <span class='ocrx_word' id='word_1_651' title='bbox 1778 2629 1825 2649; x_wconf 86' lang='lat' dir='ltr'><strong>ar-</strong></span> 
     </span>
     <span class='ocr_line' id='line_1_115' title="bbox 1155 2660 1825 2701; baseline -0.004 -8"><span class='ocrx_word' id='word_1_652' title='bbox 1155 2663 1224 2693; x_wconf 81' lang='lat' dir='ltr'><strong>mis.</strong></span> <span class='ocrx_word' id='word_1_653' title='bbox 1240 2664 1270 2698; x_wconf 87' lang='grc'><strong>2,</strong></span> <span class='ocrx_word' id='word_1_654' title='bbox 1288 2663 1341 2693; x_wconf 85' lang='grc'><strong>35.</strong></span> <span class='ocrx_word' id='word_1_655' title='bbox 1364 2660 1559 2691; x_wconf 65' lang='grc' dir='ltr'><strong>ἀναέάλλεται</strong></span> <span class='ocrx_word' id='word_1_656' title='bbox 1574 2662 1638 2695; x_wconf 67' lang='grc' dir='ltr'><strong>τοὺς</strong></span> <span class='ocrx_word' id='word_1_657' title='bbox 1661 2663 1712 2695; x_wconf 74' lang='grc' dir='ltr'><strong>τῆς</strong></span> <span class='ocrx_word' id='word_1_658' title='bbox 1728 2661 1825 2701; x_wconf 79' lang='grc' dir='ltr'><strong>φιλίας</strong></span> 
     </span>
     <span class='ocr_line' id='line_1_116' title="bbox 1155 2702 1824 2744; baseline -0.001 -9"><span class='ocrx_word' id='word_1_659' title='bbox 1155 2704 1252 2744; x_wconf 83' lang='grc' dir='ltr'><strong>λόγους</strong></span> <span class='ocrx_word' id='word_1_660' title='bbox 1273 2705 1312 2739; x_wconf 81' lang='grc' dir='ltr'><strong>εἷς</strong></span> <span class='ocrx_word' id='word_1_661' title='bbox 1335 2707 1383 2736; x_wconf 73' lang='grc' dir='ltr'><strong>τὴν</strong></span> <span class='ocrx_word' id='word_1_662' title='bbox 1405 2702 1600 2744; x_wconf 82' lang='grc' dir='ltr'><strong>πρεσβυτέραν</strong></span> <span class='ocrx_word' id='word_1_663' title='bbox 1613 2703 1662 2733; x_wconf 75' lang='grc' dir='ltr'><strong>καὶ</strong></span> <span class='ocrx_word' id='word_1_664' title='bbox 1678 2706 1824 2744; x_wconf 80' lang='grc' dir='ltr'><strong>φρονοῦσαν</strong></span> 
     </span>
     <span class='ocr_line' id='line_1_117' title="bbox 1155 2746 1826 2784; baseline 0.001 -8"><span class='ocrx_word' id='word_1_665' title='bbox 1155 2746 1272 2779; x_wconf 72' lang='grc' dir='ltr'><strong>ἡλικίαν.</strong></span> <span class='ocrx_word' id='word_1_666' title='bbox 1290 2750 1342 2784; x_wconf 90' lang='grc'><strong>19,</strong></span> <span class='ocrx_word' id='word_1_667' title='bbox 1359 2750 1411 2778; x_wconf 82' lang='grc'><strong>34.</strong></span> <span class='ocrx_word' id='word_1_668' title='bbox 1436 2746 1541 2783; x_wconf 80' lang='grc' dir='ltr'><strong>ἡλικία,</strong></span> <span class='ocrx_word' id='word_1_669' title='bbox 1555 2747 1611 2777; x_wconf 88' lang='lat' dir='ltr'><strong>flos</strong></span> <span class='ocrx_word' id='word_1_670' title='bbox 1623 2749 1731 2778; x_wconf 84' lang='lat' dir='ltr'><strong>aetatis.</strong></span> <span class='ocrx_word' id='word_1_671' title='bbox 1749 2748 1762 2777; x_wconf 78' lang='grc' dir='ltr'>ὅ</span> <span class='ocrx_word' id='word_1_672' title='bbox 1777 2749 1826 2779; x_wconf 77' lang='grc' dir='ltr'><strong>τὴν</strong></span> 
     </span>
     <span class='ocr_line' id='line_1_118' title="bbox 1155 2790 1824 2830; baseline -0.001 -9"><span class='ocrx_word' id='word_1_673' title='bbox 1155 2790 1263 2822; x_wconf 85' lang='grc' dir='ltr'><strong>ἡλικίαν</strong></span> <span class='ocrx_word' id='word_1_674' title='bbox 1284 2791 1443 2830; x_wconf 78' lang='grc' dir='ltr'><strong>προλαβὼν,</strong></span> <span class='ocrx_word' id='word_1_675' title='bbox 1465 2791 1520 2830; x_wconf 87' lang='lat' dir='ltr'><strong>qui</strong></span> <span class='ocrx_word' id='word_1_676' title='bbox 1544 2791 1699 2830; x_wconf 82' lang='lat' dir='ltr'><strong>decerpsit</strong></span> <span class='ocrx_word' id='word_1_677' title='bbox 1719 2791 1824 2822; x_wconf 87' lang='lat' dir='ltr'><strong>florem</strong></span> 
     </span>
     <span class='ocr_line' id='line_1_119' title="bbox 1156 2831 1825 2873; baseline 0 -9"><span class='ocrx_word' id='word_1_678' title='bbox 1156 2834 1266 2865; x_wconf 80' lang='lat' dir='ltr'><strong>aetatis.</strong></span> <span class='ocrx_word' id='word_1_679' title='bbox 1295 2836 1347 2870; x_wconf 88' lang='grc'><strong>23,</strong></span> <span class='ocrx_word' id='word_1_680' title='bbox 1373 2836 1425 2864; x_wconf 89' lang='grc'><strong>18.</strong></span> <span class='ocrx_word' id='word_1_681' title='bbox 1458 2831 1564 2869; x_wconf 84' lang='grc' dir='ltr'><strong>ἡλικία,</strong></span> <span class='ocrx_word' id='word_1_682' title='bbox 1593 2834 1693 2873; x_wconf 86' lang='lat' dir='ltr'><strong>pudor</strong></span> <span class='ocrx_word' id='word_1_683' title='bbox 1718 2839 1750 2863; x_wconf 88' lang='lat' dir='ltr'><strong>et</strong></span> <span class='ocrx_word' id='word_1_684' title='bbox 1773 2844 1825 2864; x_wconf 87' lang='lat' dir='ltr'><strong>ca-</strong></span> 
     </span>
     <span class='ocr_line' id='line_1_120' title="bbox 1156 2875 1823 2928; baseline -0.005 -20"><span class='ocrx_word' id='word_1_685' title='bbox 1156 2878 1241 2908; x_wconf 81' lang='lat' dir='ltr'><strong>stitas</strong></span> <span class='ocrx_word' id='word_1_686' title='bbox 1260 2877 1427 2918; x_wconf 82' lang='lat' dir='ltr'><strong>virginalis.</strong></span> <span class='ocrx_word' id='word_1_687' title='bbox 1453 2877 1489 2911; x_wconf 85' lang='grc' dir='ltr'><strong>ὡς</strong></span> <span class='ocrx_word' id='word_1_688' title='bbox 1503 2887 1560 2928; x_wconf 81' lang='grc' dir='ltr'><strong>ευρε</strong></span> <span class='ocrx_word' id='word_1_689' title='bbox 1575 2877 1623 2906; x_wconf 74' lang='grc' dir='ltr'><strong>τὴν</strong></span> <span class='ocrx_word' id='word_1_690' title='bbox 1646 2875 1746 2906; x_wconf 84' lang='grc' dir='ltr'><strong>ἑαυτου</strong></span> <span class='ocrx_word' id='word_1_691' title='bbox 1770 2876 1823 2905; x_wconf 65' lang='grc' dir='ltr'><strong>θυ-</strong></span> 
     </span>
     <span class='ocr_line' id='line_1_121' title="bbox 1154 2918 1824 2970; baseline -0.004 -20"><span class='ocrx_word' id='word_1_692' title='bbox 1154 2919 1369 2959; x_wconf 81' lang='grc' dir='ltr'><strong>γατὲρα-τὴν</strong></span> <span class='ocrx_word' id='word_1_693' title='bbox 1391 2918 1497 2950; x_wconf 84' lang='grc' dir='ltr'><strong>ἡλικίαν</strong></span> <span class='ocrx_word' id='word_1_694' title='bbox 1517 2919 1545 2948; x_wconf 79' lang='grc' dir='ltr'><strong>οὐ</strong></span> <span class='ocrx_word' id='word_1_695' title='bbox 1568 2921 1663 2952; x_wconf 82' lang='grc' dir='ltr'><strong>καλῶς</strong></span> <span class='ocrx_word' id='word_1_696' title='bbox 1671 2919 1824 2970; x_wconf 49' lang='grc' dir='ltr'><strong>Νδιαφυλά-</strong></span> 
     </span>
     <span class='ocr_line' id='line_1_122' title="bbox 1154 2961 1823 3004; baseline -0.006 -11"><span class='ocrx_word' id='word_1_697' title='bbox 1154 2964 1248 3003; x_wconf 76' lang='grc' dir='ltr'><strong>ξασαν</strong></span> <span class='ocrx_word' id='word_1_698' title='bbox 1266 2961 1358 3004; x_wconf 79' lang='grc' dir='ltr'><strong>μέχρι</strong></span> <span class='ocrx_word' id='word_1_699' title='bbox 1384 2963 1492 3002; x_wconf 78' lang='grc' dir='ltr'><strong>γάμου.</strong></span> <span class='ocrx_word' id='word_1_700' title='bbox 1513 2964 1567 2997; x_wconf 89' lang='grc'><strong>26,</strong></span> <span class='ocrx_word' id='word_1_701' title='bbox 1588 2963 1620 2991; x_wconf 91' lang='grc'><strong>7.</strong></span> <span class='ocrx_word' id='word_1_702' title='bbox 1649 2972 1700 2996; x_wconf 87' lang='grc' dir='ltr'><strong>της</strong></span> <span class='ocrx_word' id='word_1_703' title='bbox 1722 2961 1823 2992; x_wconf 82' lang='grc' dir='ltr'><strong>ἑαυτου</strong></span> 
     </span>
     <span class='ocr_line' id='line_1_123' title="bbox 1154 3003 1822 3047; baseline -0.006 -9"><span class='ocrx_word' id='word_1_704' title='bbox 1154 3004 1263 3042; x_wconf 83' lang='grc' dir='ltr'><strong>ἡλικίας</strong></span> <span class='ocrx_word' id='word_1_705' title='bbox 1292 3006 1374 3041; x_wconf 70' lang='grc' dir='ltr'><strong>ὅστις</strong></span> <span class='ocrx_word' id='word_1_706' title='bbox 1397 3003 1438 3043; x_wconf 88' lang='grc' dir='ltr'><strong>ην,</strong></span> <span class='ocrx_word' id='word_1_707' title='bbox 1458 3005 1557 3047; x_wconf 82' lang='lat' dir='ltr'><strong>qualis</strong></span> <span class='ocrx_word' id='word_1_708' title='bbox 1580 3004 1673 3036; x_wconf 84' lang='lat' dir='ltr'><strong>fuerit</strong></span> <span class='ocrx_word' id='word_1_709' title='bbox 1700 3009 1822 3035; x_wconf 81' lang='lat' dir='ltr'><strong>aetatem</strong></span> 
     </span>
    </p>
   </div>
  </div>
 </body>
</html>
