1899 3322
742 163 1102 211 AESCHINEAE.

223 272 291 314 πρὸς
311 273 481 304 δικαιοσύνην
505 284 554 303 και
575 271 751 314 ἐγκράτειαν.
775 274 829 310 25,
845 275 898 304 42.

221 315 310 351 οὕτως
332 315 405 348 ἠσαν
429 328 494 357 προς
518 318 574 350 τὰς
597 316 738 358 αἰσχύνας
760 315 898 367 χαλεποί.

223 361 276 396 26,
291 361 324 390 5.
345 358 623 400 κατακάμπτεσθαι
636 359 702 400 πρὸς
717 362 772 393 τὰς
787 358 898 400 αἰσχυ-

220 414 279 438 νας.
296 405 350 440 26,
362 406 416 435 33.
439 403 601 437 ἀπίθανος“
586 415 620 433 ων
635 402 700 444 πρδς
711 405 760 434 την
774 402 899 440 ὑποψίαν

220 446 337 477 ταύτην.
355 449 408 483 28,
423 450 476 478 12.
499 444 638 486 &mechir
649 445 789 477 πλείστην
804 445 897 477 ἐποιη-

220 500 298 519 σατο
315 489 380 530 πρὸς
395 491 458 523 τοὺς
471 489 557 529 ἐμοὺς
572 489 678 527 λόγους.
695 492 749 526 33,
765 491 814 520 15.
838 501 896 520 πα-

217 532 339 572 ραδόξως
369 533 418 562 καὶ
445 533 656 572 φιλανθρώπως
680 533 754 572 ’ωρός
776 532 897 562 ἕκαστον

218 575 371 614 διελέγετο.
389 578 443 611 33,
461 578 513 607 23.
536 579 713 616 μνημονικῶς
730 577 816 607 εἰπεῖν
831 575 897 617 πρὸς

219 619 260 647 ταὶ
271 618 409 657 εἰρημένα.
427 621 480 654 33,
490 621 544 650 32.
566 619 747 658 συγκείμενός
762 631 815 649 τινι
830 619 896 660 πρός

217 672 283 690 τινα
303 660 395 699 λόγος,
414 668 536 701 pactum
553 672 623 692 cum
642 663 746 704 aliquo
771 663 894 693 initum.

218 705 273 740 34,
289 707 340 736 18.
365 705 505 744 ἂωαντςῖν
529 705 602 744 ἀτρὸς
625 705 714 744 λόγον,
734 707 894 742 devenire,

218 747 333 778 deferri
349 747 487 778 oratione
504 749 544 778 ad
557 749 660 778 locum
676 749 820 789 aliquem
838 751 892 784 34,

218 792 272 820 22.
294 791 316 820 οἳ
333 793 389 821 τῶν
400 793 582 830 συκοφαντῶν
598 789 675 829 λόγοι
691 792 757 832 πρὸς
773 804 836 827 τους
849 791 894 831 ἐφ’

217 831 323 874 ἡμέραν
345 844 454 873 καιρους
475 833 615 872 λέγονται.
635 836 689 869 36,
705 836 759 864 30.
783 835 892 874 θεωρεῖν

218 875 286 915 πρός
308 888 350 913 τι,
371 877 521 907 rationem
545 877 661 907 habere
683 877 816 919 alicujus
838 878 893 908 rei.

217 921 271 955 38,
294 922 348 950 34.
377 918 508 957 ἀψευδεῖν
530 919 606 960 πρός
626 932 703 956 τινα,
725 921 806 952 bona
830 921 893 951 fide

218 972 287 992 cum
312 962 418 1014 aliquo
441 973 543 1004 agere.
567 967 620 1000 40,
636 966 689 994 40.
703 964 787 1016 ωπρός
799 963 893 994 ἕνδεκα

215 1005 364 1046 ἀμφορέας
379 1005 405 1035 ἐν
420 1006 669 1049 διαμεμετρημένῃ
679 1007 719 1049 τῇ
732 1006 824 1049 ἡμέρᾳ.
836 1006 891 1048 κρί-

215 1059 311 1088 νομαι.
327 1052 380 1085 45,
396 1053 426 1079 1.
450 1049 575 1091 προξενίαι
590 1050 656 1092 πρὸς
672 1050 811 1086 Θηβαίους
826 1051 894 1082 De-

215 1093 369 1123 mostheni
388 1093 544 1134 objicitur.
561 1098 614 1130 46,
630 1096 683 1125 42.
709 1093 893 1134 ἐπαγγέλλε-

216 1135 293 1166 σθαι
316 1135 424 1177 τέχνας
444 1139 500 1167 τῶν
522 1137 612 1176 λόγων
630 1137 705 1179 «πρὸς
726 1139 791 1173 τοὺς
810 1137 893 1173 νέους.

215 1181 340 1215 49,11.
363 1180 658 1221 προκηρυκευσαμένου
674 1180 739 1222 πρὸς
753 1183 892 1212 Λακεδαι-

213 1220 333 1262 μονίους.
345 1223 400 1259 51,
408 1227 460 1254 14.
477 1222 627 1264 ἐῃράφειν
638 1224 717 1263 λόγον
726 1237 774 1255 και
766 1223 893 1260 ευθυνας

214 1265 282 1306 πρὸς
301 1266 349 1296 τὸν
369 1267 557 1307 γραμματέα
579 1267 629 1297 καὶ
651 1269 716 1301 τοὺς
738 1274 803 1322 λογέ
804 1270 891 1302 στάς.

214 1308 269 1345 56,
287 1311 318 1340 3.
341 1308 553 1351 προσέρχεσθαι
577 1309 644 1351 πρὸς
667 1323 709 1340 τα
731 1312 817 1342 κοινά.
838 1314 892 1348 56,

213 1393 361 1448 χομένους.
376 1396 430 1431 56,
447 1398 499 1426 22.
522 1396 682 1426 ἀναλίσκειν
696 1398 746 1427 τὴν
761 1397 893 1437 πατρωαν

214 1437 309 1468 οὐσίαν
324 1438 363 1471 εἷς
383 1440 433 1469 τὴν
456 1450 521 1478 προς
543 1439 623 1478 ὑμας
640 1438 820 1479 φιλοτιμίαν.
837 1441 891 1478 56,

214 1482 267 1511 27.
291 1480 439 1521 ἐγγράφειν
455 1481 530 1521 ἀτρὸς
550 1493 615 1515 τους
638 1485 780 1520 λογιστὰς
800 1483 891 1522 λόγον,

212 1524 362 1554 rationem
377 1524 457 1565 gesti
481 1525 604 1555 honoris
620 1524 716 1556 literis
730 1527 891 1569 consigna-

213 1571 279 1598 tam
310 1567 531 1599 Rationalibus
565 1569 722 1599 exhibere.
753 1572 808 1606 56,
837 1573 891 1601 30.

217 1609 437 1653 «προσέρχεσθαι
467 1611 534 1651 πρός
563 1623 594 1642 τι
623 1615 679 1642 τῶν
709 1623 809 1643 κοινων.
837 1615 891 1651 56,

211 1654 333 1694 penult.
365 1654 587 1685 ἀντιδιαπλέκει
603 1655 677 1697 ’πρὸς
692 1657 777 1686 τοῦτο
792 1655 893 1695 λέγων.

214 1698 270 1733 57,
296 1701 351 1729 41.
385 1697 648 1738 καταριθμεῖσθαι
678 1700 891 1741 (enumerare)

213 1739 290 1793 ’ω’ρός
311 1741 400 1782 ὑμᾶς.
423 1744 547 1778 61,16.
574 1741 740 1782 ἐπράττετο
764 1744 793 1773 οὐ
817 1743 892 1784 πρὸς

213 1794 279 1817 τους
291 1784 396 1820 ἄλλους
408 1782 538 1826 πρέσξεις
552 1787 592 1815 τα
607 1788 716 1822 πολλὰ,
729 1787 811 1817 ἄλλα
827 1786 892 1829 πρὸς

213 1828 384 1868 Φιλοκράτην
407 1827 456 1858 καὶ
481 1827 672 1868 Δημοσθένην,
694 1831 892 1871 gerebantur,

211 1870 725 1913 constituebantur,peragebantur
731 1873 891 1915 pleraque,

211 1923 275 1944 non
292 1915 333 1945 ad
349 1920 484 1946 mentem
499 1915 688 1956 reliquorum
704 1916 890 1958 legatorum,

211 1967 315 1998 neque
328 1968 398 1989 cum
411 1958 483 1994 illis,
494 1959 548 1989 sed
567 1969 625 1999 pro
638 1959 770 1991 arbitrio
783 1961 891 1994 Philo-

213 2001 307 2031 cratis
323 2005 355 2031 et
369 2001 608 2037 Demosthenis,
621 2006 655 2032 et
666 2013 736 2033 cum
752 2003 823 2034 illis.
837 2006 890 2040 62,

211 2045 265 2073 40.
279 2043 346 2084 πρὸς
357 2044 576 2082 ἀνταγωνιστὰς
585 2043 711 2083 ἀναξίους
720 2045 820 2076 ἑαυτοῦ
830 2047 845 2075 δ
847 2058 890 2076 ια-

209 2086 375 2118 κινδυνεύειν.
392 2090 444 2123 66,
463 2089 516 2118 17.
549 2088 741 2128 διασφαλκναι
757 2101 808 2123 της
824 2101 892 2129 προς

211 2130 291 2169 ὑμας
302 2129 497 2172 συμμαχίας.
511 2133 564 2166 66,
576 2134 630 2162 34.
651 2132 814 2172 αφικνειται
825 2144 891 2174 προς

211 2173 290 2212 ὑμας
312 2173 405 2204 οὐκέτι
427 2173 461 2204 δι’
479 2173 622 2212 ἀγγέλων,
637 2173 709 2204 ἀλλ’
722 2175 818 2210 αὐτός.
835 2179 889 2213 67,

213 2219 268 2247 14.
292 2215 369 2269 πρός
375 2216 423 2248 τὸν
442 2217 532 2249 καινὸν
553 2219 624 2248 νεών.
649 2220 704 2254 70,
721 2222 752 2250 4.
777 2220 890 2259 ἀφοσιῶ

211 2259 264 2291 την
278 2258 417 2300 ημετέραν
431 2261 514 2291 πόλιν
529 2273 570 2291 τα
582 2260 648 2302 πρὸς
660 2261 751 2296 θεούς.
767 2265 822 2299 70,
835 2266 888 2294 29.

212 2300 275 2342 ἒξ“
259 2315 324 2334 οτου
338 2303 521 2345 Δημοσθένης
529 2303 596 2344 πρὸς
608 2317 658 2336 την
671 2304 818 2336 πολιτείαν
829 2307 889 2337 εἶσ-

211 2345 343 2377 εληλυθεν
365 2347 444 2390 (nisi
475 2348 688 2388 προσεληλυθεν
718 2349 889 2390 legendum

211 2388 287 2430 est).
304 2391 358 2427 72,
374 2394 428 2422 42.
453 2389 656 2421 διαδικασίαν”
643 2400 695 2432 εφη
712 2391 831 2433 γράψειν
845 2394 887 2433 τῷ

211 2431 329 2472 βηματι
342 2444 408 2475 προς
418 2433 451 2464 τό
461 2436 656 2476 στρατηγεῖον.
666 2438 722 2471 74,
732 2438 783 2466 19.
799 2437 890 2477 οἱχρη-

211 2475 344 2508 στότατε
359 2489 425 2519 προς
433 2480 474 2508 τὰ
485 2479 608 2518 μεγάλα
617 2478 666 2508 και
679 2479 822 2509 σπουδαῖα
835 2482 890 2509 τῶν

212 2521 408 2560 πραγμάτων.
431 2521 486 2558 75,
512 2524 563 2552 16.
600 2523 890 2563 προτρεπτικώτατον

212 2562 278 2603 προς
291 2565 388 2616 ἀρετὴν
401 2563 546 2604 κήρυγμα.
561 2567 679 2600 75,30.
699 2564 889 2603 άποζλέψητε

213 2604 280 2645 πρὸς
296 2606 436 2656 εὐφημίαν
457 2610 512 2637 τῶν
533 2606 623 2646 λόγων
644 2608 743 2638 αυτοῦ.
764 2611 819 2645 77,
835 2612 889 2640 38.

212 2647 335 2701 ἀτυχία
341 2650 409 2691 πρὸς
422 2650 455 2680 τὸ
470 2650 544 2689 γένος
560 2651 633 2691 (pro
650 2662 711 2691 περι
724 2663 754 2681 τ.
763 2664 793 2690 γ.
786 2652 822 2693 .).
836 2655 891 2689 77,

212 2691 270 2721 ult.
294 2691 408 2744 μέτριον
425 2694 474 2723 και
496 2694 625 2735 σώφρονα
645 2693 801 2734 πεφυκέναι
812 2707 890 2748 ’τπρος

213 2745 263 2766 την
284 2734 350 2764 καθ’
371 2735 476 2777 ἡμέραν
497 2736 617 2767 δίαιταν.
637 2739 693 2774 78,
709 2740 740 2768 4.
770 2737 836 2779 πρός
857 2738 891 2769 τό

213 2778 374 2819 παράνομον
395 2779 613 2818 ἀπολογεισθαι,
633 2781 792 2822 depellere
816 2793 835 2813 a
857 2793 890 2813 se

213 2822 461 2853 criminationem
477 2823 578 2865 legum
595 2829 821 2855 temeratarum.
839 2828 891 2862 83,

214 2867 267 2896 20.
291 2865 407 2899 πύκτας
422 2866 504 2906 ὃρατε
520 2867 581 2908 περι
596 2879 648 2901 της
668 2868 803 2902 στάσεως
825 2868 892 2909 πρές

213 2907 357 2944 ἀλλήλους
371 2908 625 2950 διαγωνιζομένους.
641 2913 694 2949 83,
705 2914 758 2944 22.
778 2922 845 2952 προς
858 2911 892 2942 τό

214 2952 266 2981 τοῦ
287 2951 442 2994 κατηγόρου
462 2953 602 2993 βημα-
614 2953 693 3007 πρόςω
701 2953 735 2985 τό
754 2966 804 2985 του
824 2956 891 2996 φεύ-

213 3005 318 3034 γοντος.
335 2998 388 3035 83,
405 2998 458 3029 3.2
479 2998 635 3039 καταγελᾷ·
655 3010 707 3034 της
727 2997 792 3041 πρὸς
814 2999 892 3040 ὑμᾶς

1599 167 1652 208 75

975 270 1157 310 φιλοτιμίας.
1173 273 1227 307 84,
1242 273 1293 302 18.
1319 272 1411 302 πυκνα
1427 281 1492 312 ‘neoc
1504 271 1554 303 ’1ἢὶ
1568 278 1652 302 πολι-

975 312 1053 343 τείαν
1068 315 1197 353 προσιών.
1219 315 1272 351 85,
1287 317 1317 345 2.
1340 313 1524 352 διαλέγεσθαι
1543 314 1652 356 νύκτωρ

976 356 1042 398 προς
1057 358 1107 387 τὴν
1122 355 1235 388 Ἀθηνᾶν
1248 357 1298 388 καὶ
1313 369 1362 389 την
1371 356 1468 399 Ἥραν,
1485 363 1579 389 noctu
1595 369 1651 399 per

974 399 1166 430 insomnium
1196 411 1265 432 cum
1291 401 1438 432 Minerva
1463 406 1496 432 et
1523 401 1650 433 Junone

973 444 1098 474 versari·
1121 444 1174 479 85,
1192 446 1244 474 14.
1278 444 1488 486 προσέρχεσθαι
1511 456 1578 485 προς
1601 456 1649 475 τον

974 487 1070 527 δημον,
1086 496 1155 517 cum
1173 487 1290 527 populo
1307 498 1407 528 agere.
1425 491 1477 524 85,
1496 490 1546 518 17.
1574 489 1649 518 ἀπο·

975 529 1131 564 Βλέποντες
1154 541 1223 570 προς
1244 530 1285 565 τί,
1301 542 1391 571 cujus
1415 531 1460 560 rei
1483 531 1646 572 respectu?

974 575 1028 609 86,
1045 576 1098 604 30.
1120 575 1216 615 χάρις,
1233 573 1298 614 πρὸς
1316 572 1342 603 ’ὃν
1367 573 1519 614 ἐχαρίζετο
1535 575 1648 610 αδηλος,

973 617 1082 657 gratia,
1103 617 1410 658 be11eficiu1u,cujus
1430 625 1536 648 auctor
1560 619 1648 658 igno-

972 665 1066 690 ratur.
1091 662 1220 698 87,12.
1255 659 1322 701 πρὸς
1348 671 1405 689 wo.
1408 671 1433 688 ον
1460 661 1649 701 παράδειγμα

969 704 1026 743 χρη
1041 715 1144 738 αυτους
1158 703 1203 734 τὸν
1219 702 1276 736 βίον
1289 702 1442 733 ποιεῖσθαι.
1460 706 1512 740 88,
1527 704 1648 745 penult.

970 747 1320 788 ἀντιπαρατεταγμένους
1354 746 1428 787 ‘topic
1462 749 1513 779 τήν
1542 747 1650 778 τούτων

970 789 1125 829 ἀσέλγειαν
1139 791 1204 825 τοὺς
1219 793 1270 825 τῆς
1286 790 1394 824 πόλεως
1410 790 1568 830 εὐεργέτας.
1595 793 1648 827 90,

927 875 1093 916 προσάγειν]
1122 876 1377 918 προσαγαγέσθαι
1407 877 1482 911 τινα,
1509 876 1648 917 aliquem

971 918 1029 948 sibi
1048 919 1215 950 conciliare
1230 926 1262 950 et
1278 920 1428 950 demereri
1450 919 1570 950 officiis.
1592 922 1648 956 48,

970 961 1026 991 ult.
1043 962 1248 1003 προσάγεσθαι
1264 963 1307 993 ἀει
1321 975 1355 993 το
1366 963 1455 994 νοσοῦν
1469 965 1520 997 τῆς
1528 962 1648 997 πόλεως.

971 1006 1024 1040 51,
1041 1005 1162 1045 penult.

927 1049 1207 1088 προσαναγινώσκειν.
1225 1051 1280 1085 40,
1297 1050 1350 1079 17.
1364 1078 1366 1080 ,

926 1092 1144 1131 προσαπειπεῗν,
1161 1096 1307 1134 praeterea
1320 1097 1435 1124 vetare.
1452 1094 1505 1128 60,
1521 1093 1553 1122 5.

927 1135 1168 1176 προσάπτεσθαι,
1187 1137 1368 1167 contrahere
1387 1147 1476 1166 usum
1496 1146 1568 1166 cum
1592 1134 1655 1165 ali-⁴

970 1189 1044 1220 quo,
1060 1180 1151 1210 rebus
1176 1180 1244 1220 ejus
1265 1178 1444 1211 immisceri.
1474 1179 1651 1219 «προσάπτε-

970 1221 1047 1252 σθαι
1063 1221 1153 1262 ἀνδρὸς
1170 1223 1290 1259 ἶδιώτου,
1307 1223 1321 1255 ἢ
1335 1224 1482 1257 δυνάστου,
1499 1222 1514 1253 ἢ
1531 1221 1649 1256 «πόλεως

971 1265 1245 1318 δημοκρατουμένης.
1269 1269 1323 1303 69,
1342 1270 1395 1298 36.
1421 1264 1650 1306 προσαψάμενοι

969 1308 1051 1347 μόνον
1066 1308 1171 1339 τούτων
1186 1312 1242 1340 τῶν
1255 1311 1450 1351 πραγμάτων.
1466 1312 1487 1339 7
1491 1313 1521 1344 2,
1537 1311 1590 1339 34.

927 1352 1121 1391 προσβάλλειν
1132 1365 1196 1390 τινι,
1208 1353 1343 1395 aliquem
1357 1354 1494 1385 oratione
1508 1363 1547 1382 aa
1528 1351 1648 1393 0gredi.

971 1398 1002 1431 8,
1019 1396 1074 1425 ult.

927 1437 1146 1480 προσβιβάζειν]
1174 1440 1377 1480 προσβιβάζων
1399 1439 1451 1479 (ut
1471 1439 1650 1480 Stephanus

970 1481 1084 1516 edidit,
1100 1483 1152 1511 alii
1167 1482 1385 1522 ’ω’ροΒιβάζων).
1402 1485 1455 1519 67,
1472 1484 1503 1512 2.

928 1525 1110 1565 ωροσγελξὶν]
1136 1524 1306 1565 δεξιούμενος
1321 1527 1433 1560 πάντας
1455 1525 1504 1555 καὶ
1527 1534 1650 1565 προσγε-

970 1569 1033 1596 λῶν.
1051 1570 1105 1602 66,
1122 1570 1172 1597 11.

927 1611 1115 1650 προσγράφειν
1137 1622 1168 1640 τι
1193 1613 1249 1641 τῶν
1272 1612 1315 1650 μὴ
1338 1610 1504 1651 δοξάντων*
1494 1612 1572 1650 υμῖν.
1594 1612 1649 1647 49,

970 1655 1025 1684 36.
1040 1655 1230 1695 προσγράφειν
1239 1653 1265 1684 ἐν
1275 1666 1317 1695 τῳ
1304 1654 1468 1699 δόγματι,
1477 1654 1649 1685 clausulam

970 1698 1098 1728 addere.
1117 1701 1170 1735 63,
1187 1699 1240 1728 31.

927 1740 1134 1783 προσδεῖσθαι]
1167 1739 1307 1782 μαντείας
1337 1742 1438 1772 ταῦτα
1463 1742 1651 1782 προσδεῖται.

971 1787 1023 1819 11,
1042 1786 1095 1815 15.

926 1827 1029 1868 προσδέ
1031 1827 1176 1879 χεσθαι]“
1188 1828 1309 1869 ευχερῶς
1323 1829 1377 1867 γαρ
1394 1826 1476 1858 ἐνίοτε
1492 1826 1572 1866 λόγον
1587 1827 1650 1858 ἀντι

969 1870 1031 1904 Βίου
1045 1872 1176 1913 χρηστοῦ
1193 1870 1398 1912 προσδέχεσθε.
1416 1874 1470 1908 25,
1484 1873 1536 1901 31.
1556 1873 1651 1911 φωνὰς

968 1913 1043 1953 μηδὲ
1059 1926 1119 1949 τοις
1134 1914 1186 1944 ὢσι
1208 1914 1438 1956 προσδέχεσθαι.
1461 1917 1515 1951 26,
1532 1918 1563 1945 1.
1586 1926 1651 1955 ερως

970 1956 1074 1993 δίκαιος
1099 1958 1128 1988 οὐ
1153 1957 1347 1999 προσδέχεται
1369 1957 1503 1998 πονηρίαν.
1526 1960 1580 1993 50,
1596 1961 1650 1989 27.

969 1999 1183 2042 προσδέχεσθαι
1199 2012 1349 2041 κακουργον
1364 2002 1514 2041 σοφιστην.
1531 2003 1587 2038 56,
1605 2004 1636 2033 9.

926 2044 1212 2084 προσδιαμαρτυρεῖν.
1229 2046 1284 2078 46,
1300 2046 1332 2074 5.

925 2086 1201 2126 προσ-διορθοῦσθαι]
1227 2085 1473 2126 προσδιορθοῧμαι.
1490 2089 1545 2123 39,
1560 2089 1615 2118 34.

926 2128 1095 2170 προσδοκία]
1120 2128 1286 2170 προσδοκίας
1301 2133 1357 2159 τῶν
1374 2129 1458 2170 ἔργων
1472 2132 1536 2160 τινα
1560 2131 1651 2161 άπαι-

966 2174 1037 2209 τεῖν,
1053 2174 1093 2203 ab
1111 2173 1214 2213 aliquo
1235 2174 1392 2214 postulare
1409 2174 1583 2210 veritatem,
1599 2174 1649 2204 vel

967 2217 1200 2256 praestationem
1223 2226 1322 2246 rerum
1341 2221 1549 2257 speratarum,
1570 2227 1649 2259 qua-

967 2269 1034 2289 rum
1051 2270 1138 2300 spem
1154 2259 1222 2300 ipse
1238 2260 1416 2290 excitasset.
1435 2262 1488 2295 52,
1507 2263 1559 2290 10.

923 2303 1157 2344 προσεγγράφειν,
1174 2302 1310 2343 adjicere
1333 2304 1458 2333 decreto
1482 2314 1538 2334 suo
1562 2303 1647 2334 clau-

970 2347 1080 2383 sulam,
1095 2346 1318 2381 conditionem,
1332 2356 1395 2387 qua
1410 2347 1486 2388 quid
1505 2347 1648 2379 universe

968 2389 1125 2420 sancitum
1148 2390 1364 2431 restringatur,
1387 2390 1564 2421 definiatur.
1592 2392 1646 2427 83,

967 2433 999 2463 5.

923 2475 1128 2517 προσεικάζειν]
1163 2474 1399 2516 προσεικασθηναι
1425 2488 1461 2507 τη
1490 2476 1648 2517 Δημοσθέ-

967 2530 1024 2554 νους
1039 2516 1173 2560 ἀνανδρία.
1192 2522 1245 2554 89,
1265 2522 1316 2549 11.

924 2563 1106 2603 προσειπεῖν]
1131 2575 1181 2593 την
1194 2562 1278 2602 μόνην
1296 2573 1344 2591 και
1366 2562 1477 2603 πρώτην
1492 2562 1576 2593 αὐτον
1590 2576 1650 2595 πα-

966 2604 1037 2646 τέρα
1050 2607 1266 2645 ’προσειποῦσαν
1279 2606 1390 2647 (filiam
1412 2606 1553 2647 unicam)
1567 2608 1648 2638 ‹iwa-

968 2648 1068 2682 λέσας.
1087 2651 1142 2683 64,
1159 2651 1213 2679 40.

925 2689 1181 2733 προσενδείκνυσθαί
1195 2701 1260 2727 τινι,
1275 2690 1368 2722 alicui
1391 2702 1459 2722 sese
1473 2693 1649 2733 venditare,

967 2735 1106 2766 studium
1121 2745 1209 2765 suum
1219 2745 1293 2775 erga
1302 2734 1516 2776 eumjactare.
1528 2740 1580 2774 85,
1595 2739 1648 2770 15.

925 2779 1129 2820 προσεπαινεῖν.
1146 2781 1200 2813 49,
1217 2780 1269 2809 13.

925 2822 1134 2863 προσεπιπονεῖν
1149 2821 1299 2856 ἀκούοντας
1314 2821 1362 2851 καῖ
1377 2823 1426 2853 τὴν
1442 2824 1540 2854 λοιπὴν
1555 2824 1648 2863 διήγη-

968 2877 1023 2901 σιν,
1045 2875 1240 2905 perseverare
1263 2866 1294 2896 in
1319 2865 1474 2905 patientia
1499 2868 1650 2899 audiendi

968 2909 1061 2939 etiam
1078 2908 1229 2949 reliquam
1241 2909 1478 2949 expositionem.
1495 2912 1551 2948 34,
1569 2917 1598 2942 1.

925 2951 1160 2994 προσέρχεσθαι]
1185 2951 1394 2994 προσέρχεσθαι
1415 2951 1482 2994 πρὸς
1503 2957 1544 2985 τὰ
1563 2956 1649 2986 κοινά.

969 2997 1023 3033 56,
1043 2997 1094 3026 19.
1117 2994 1336 3037 προσέρχεσθαι
1352 2996 1419 3038 πρός
1434 3009 1462 3026 τι
1479 2999 1534 3028 τῶν
1549 3001 1647 3028 κοινῶν,
