1899 3322
558 571 604 625 Ι.
642 570 686 624 Ι.
750 567 1105 624 REISKII

654 711 1003 758 PRAEFATIO

806 841 852 862 AD

220 927 635 996 SCHOLIA
703 929 814 998 IN
884 925 1436 997 AESCHINEM.

97 1174 209 1219 QUAE
229 1188 334 1214 nunc
355 1178 501 1227 primus
527 1177 605 1215 edo
629 1177 669 1215 in
695 1178 919 1217 AEschinem
940 1178 1107 1227 Scholia,
1127 1192 1150 1217 a
1168 1176 1300 1216 multis
1319 1174 1556 1221 desiderata,

95 1243 140 1275 ut
158 1237 234 1275 alia
253 1237 376 1277 multa
394 1239 546 1277 scilicet
564 1230 838 1278 desiderantur
856 1239 907 1278 ab
932 1239 1329 1291 ignorantibusveras
1350 1249 1479 1276 rerum
1497 1248 1558 1274 ra-

94 1299 234 1349 tiones,
257 1313 279 1339 a
298 1301 471 1353 Tayloro
492 1314 573 1340 non
597 1315 677 1341 uno
704 1302 793 1341 loco
825 1303 984 1342 laudata
1007 1309 1047 1342 et
1072 1302 1362 1349 commendata,
1382 1300 1449 1339 sed
1476 1299 1558 1351 ipse

93 1375 164 1401 suo
184 1365 384 1413 praeconio
413 1363 546 1409 fidem,
568 1364 715 1411 videat,
737 1365 805 1416 qui
829 1366 1039 1417 approbet,
1060 1378 1179 1416 penes
1203 1379 1266 1403 me
1293 1363 1452 1416 quidem
1481 1375 1558 1401 non

92 1425 223 1475 magni
241 1438 288 1464 ea
305 1424 421 1472 fiunt,
443 1432 484 1464 et
513 1439 607 1464 usus
627 1427 712 1477 ipse
742 1427 916 1475 docebit,
937 1440 996 1465 me
1017 1427 1117 1466 bona
1137 1427 1215 1466 fide
1234 1439 1325 1466 cum
1345 1424 1559 1464 lectoribus

91 1499 220 1538 agere,
240 1488 309 1538 qui
329 1501 478 1527 merces
509 1488 601 1527 satis
633 1488 803 1527 triviales
830 1489 1078 1528 mendacium
1109 1489 1269 1528 laudum
1297 1486 1558 1526 ostentatione

91 1549 295 1588 venditare
327 1550 504 1601 religioni
534 1550 627 1589 mihi
656 1550 821 1598 ducam:
850 1565 895 1590 ea
919 1551 1036 1602 igitur
1067 1551 1239 1598 Scholia,
1265 1550 1368 1589 unde
1395 1561 1560 1599 accepe-

90 1610 179 1658 rim,
201 1618 245 1650 ut
264 1626 312 1650 ex
333 1625 395 1650 me
414 1612 579 1652 lectores
598 1613 781 1665 accipere
801 1613 974 1665 cupient,
996 1614 1049 1652 ita
1068 1627 1190 1666 opera
1215 1613 1307 1652 mihi
1336 1611 1465 1651 danda
1483 1616 1557 1656 est,

92 1679 135 1712 ut
153 1687 222 1712 eos
242 1673 359 1724 hujus
379 1674 434 1714 rei
453 1675 641 1714 certiores
659 1674 817 1715 faciam.

144 1735 304 1775 Scholia
315 1736 402 1775 haec
418 1750 496 1776 non
513 1737 625 1775 unius
640 1736 825 1776 videntur
836 1738 987 1787 generis
999 1750 1099 1783 esse,
1117 1736 1185 1774 sed
1204 1735 1338 1774 scoriis
1353 1740 1442 1774 sunt
1459 1746 1556 1773 rarae

91 1798 293 1837 nobilioris
314 1799 460 1838 metalli
482 1799 594 1837 micae
615 1799 862 1838 intermixtae.
918 1799 1080 1838 Fundus
1107 1798 1353 1837 Scholiorum
1373 1797 1558 1848 antiquus

92 1866 134 1899 et
150 1860 342 1912 ingenuus
376 1861 516 1912 utique
546 1867 620 1909 est,
648 1861 716 1900 sed
746 1862 1021 1901 Graeculorum
1054 1861 1131 1901 faex
1157 1875 1203 1899 ex
1233 1861 1365 1899 infima
1386 1867 1500 1899 aetate
1520 1865 1560 1898 et

92 1923 216 1962 classe
235 1922 301 1962 illa
321 1929 477 1962 vetusta
497 1924 616 1971 bona,
637 1924 765 1975 magni
785 1924 925 1963 merito
946 1938 1017 1963 suo
1037 1923 1232 1972 facienda,
1253 1924 1321 1961 sed
1344 1936 1470 1974 pauca
1491 1935 1559 1960 nu-

93 1999 213 2032 mero,
234 1993 314 2025 tam
332 1987 466 2025 multis
485 1987 598 2037 nugis
618 1987 695 2024 suis
715 1987 859 2033 obruit,
879 1993 921 2025 ut
942 2000 1010 2038 per
1038 2001 1097 2025 me
1125 1987 1156 2026 si
1185 1987 1369 2033 stetisset,
1389 1985 1428 2023 in
1448 1992 1558 2023 tene-

94 2047 173 2086 bris
203 2054 242 2086 et
268 2048 420 2098 angulis
447 2048 791 2096 bibliothecarum,
814 2049 956 2100 quibus
990 2049 1039 2087 ad
1068 2049 1142 2087 hoc
1176 2048 1253 2086 diei
1283 2048 1474 2085 abstrusae
1495 2048 1557 2098 ja-

91 2117 265 2157 cuerant,
286 2110 431 2149 diutius
465 2111 751 2150 inveterascere
780 2111 981 2150 sivissem?
1026 2111 1113 2150 Alia
1139 2110 1236 2148 levia
1267 2115 1368 2156 sunt,
1396 2109 1470 2147 alia
1495 2110 1556 2147 vel

92 2173 224 2224 pueris
252 2180 359 2221 nota,
388 2173 462 2212 alia
490 2173 598 2221 falsa,
629 2174 703 2212 alia
730 2174 896 2212 ridenda
926 2180 964 2212 et
997 2173 1260 2225 explodenda,
1288 2178 1413 2210 totum
1445 2185 1557 2222 paene

92 2235 282 2274 ferculum
304 2235 587 2285 abjiciendum.
645 2236 806 2282 Nescio,
827 2249 875 2273 an
906 2235 1026 2274 insint
1053 2237 1146 2287 ipsis
1166 2235 1266 2274 adeo
1288 2235 1450 2273 Henrici
1474 2235 1557 2272 Ste-

91 2297 211 2348 phani
231 2303 270 2336 et
288 2298 423 2336 Wolfii
444 2297 679 2337 editionibus
692 2298 869 2348 juniora,
889 2306 928 2336 et
945 2297 1052 2336 illinc
1075 2298 1176 2336 istuc
1197 2297 1395 2336 translata.
1453 2295 1556 2333 Aldo

93 2359 253 2409 quidem
267 2360 428 2411 juniora
447 2362 590 2408 inesse,
609 2360 736 2398 n‘ullus
756 2361 909 2399 dubito.
967 2360 1049 2398 Cur
1068 2366 1210 2405 autem,
1230 2360 1324 2405 aies,
1345 2359 1413 2396 viri
1435 2357 1556 2403 docti,

93 2434 221 2473 neque
252 2422 307 2460 illi
333 2423 465 2461 obesae
486 2422 589 2461 naris
610 2423 800 2469 homines,
820 2429 859 2461 et
890 2423 1049 2474 quibus,
1068 2435 1139 2461 cur
1159 2421 1335 2461 fraudem
1369 2421 1555 2466 facerent,

93 2484 146 2523 nil
181 2490 283 2523 esset
316 2498 459 2532 causae,
498 2487 674 2524 certatim
713 2486 799 2524 haec
833 2485 981 2523 scholia
1015 2485 1300 2524 collaudarunt.
1358 2483 1557 2522 Differunt

93 2559 227 2586 seusus
245 2547 444 2586 hominum
465 2547 566 2586 inter
583 2562 624 2586 se
645 2548 988 2599 quamplurimum,
1008 2554 1050 2586 ut
1071 2548 1207 2587 mirum
1227 2547 1337 2586 dictu
1357 2546 1420 2584 sit.
1470 2545 1555 2596 Ego
1596 2572 1599 2580 1

94 2615 219 2648 totum
239 2622 353 2662 paene
382 2623 502 2661 genus
524 2610 830 2649 Scholiastarum
861 2617 1084 2657 contemn0‚
1105 2616 1145 2648 et
1164 2609 1214 2647 ab
1234 2622 1367 2647 eorum
1388 2608 1556 2645 lectione

94 2678 177 2712 tota
195 2674 274 2714 vita
292 2674 490 2722 abhorrui,
512 2688 612 2727 quos
633 2675 934 2727 ludimagistrOS,
963 2675 1198 2721 blaterones,
1220 2674 1401 2721 infantes,
1430 2686 1555 2711 rerum

93 2735 340 2786 antiquarum
359 2737 559 2789 imperitos
579 2745 619 2775 et
638 2750 750 2788 paene
771 2738 909 2776 stultos
929 2751 1000 2776 usu
1018 2750 1105 2776 meo
1118 2736 1476 2788 deprehendissem:
1508 2735 1557 2773 Et

95 2795 197 2835 hunc
235 2811 392 2848 quoque
427 2798 676 2837 scholiastam
703 2799 901 2838 AEschinis
935 2798 1155 2837 fraterculis
1190 2811 1275 2837 esse
1309 2797 1556 2844 simillimum,

95 2857 343 2898 vehementer
362 2859 466 2907 mihi,
486 2860 553 2911 qui
578 2861 706 2899 editor
726 2862 810 2908 sim,
832 2861 1032 2912 doletque,
1065 2861 1268 2912 pudetque
1287 2860 1415 2898 fateri.
1474 2860 1556 2898 Do-

96 2919 256 2960 dwellus
275 2927 418 2972 tamen,
440 2922 658 2969 Fabricius,
679 2923 1013 2970 Hemsterhusius‚
1039 2923 1244 2974 Taylorus,
1266 2923 1557 2974 Wesselingius,

98 2981 365 3031 Ruhnkcnius,
396 2984 572 3035 Toupius
604 2985 653 3023 ad
686 2985 889 3023 Theocriti
929 2985 1190 3035 Syracusanas
1222 2998 1259 3035 p.
1289 2989 1381 3025 239.
1418 2985 1556 3036 passim
