1916 3340
268 166 333 208 70

264 269 359 309 πόλις,
373 273 554 305 constitutio
573 273 766 315 reipublicae,
790 285 861 317 quae
877 286 896 307 a
910 275 987 316 legi-

308 317 364 346 bus
388 323 420 347 et
444 319 684 358 magistratibus,
710 318 893 360 civibusque
917 320 986 350 reli-

307 360 389 399 quis,
405 360 532 396 coaluit,
549 367 580 392 et
596 363 635 392 ab
652 362 712 392 illis
733 363 931 403 gubernatur,
948 363 986 392 ab

306 402 354 432 his
378 410 576 434 conservatur
599 411 630 435 et
653 406 852 443 defenditur3
875 406 983 435 distin-

306 445 409 485 guitur
425 447 507 477 enim
525 449 564 478 ab
588 449 664 489 ipsis
680 449 811 479 civibus.
832 461 867 479 ‘rr
883 458 917 477 τε
933 448 985 478 πό-

303 493 360 525 λει,
373 501 423 519 και
439 491 498 525 τοῖς
510 490 613 531 νόμοις,
631 492 678 521 καὶ
695 493 772 532 ὑμῖν,
790 492 837 521 καὶ
852 491 984 531 ἐμαυτῷ.

306 534 337 567 1,
352 534 383 562 7.
408 533 503 587 τρόποι
519 546 569 568 της
585 535 709 569 πόλεως.
725 538 811 576 (nam
835 545 889 576 pro
905 536 929 566 οῖ
946 534 986 564 νό-

304 586 356 613 μοι
372 577 434 616 περι
455 577 622 618 legendum
645 584 692 609 est
712 580 734 609 οἱ
751 577 863 618 τρόποι)
880 581 984 614 2,10.

302 617 451 658 ἐπαμῦναι
475 621 514 662 τῇ
537 621 627 651 πόλει.
651 623 682 657 5,
706 624 737 651 4.
771 620 922 652 διατιθέναι
944 623 985 651 τοὶ

301 664 379 692 κοινοὶ
403 675 454 698 της
478 664 603 698 πόλεως.
627 666 658 700 5,
682 667 712 694 8.
735 663 902 703 ἀφελέσθαι
921 664 984 694 οὔτε

302 715 352 735 ’την
367 706 516 744 ἀλήθειαν,
536 707 599 738 οὔτε
619 709 667 738 τῆν
684 706 708 737 ἐν
729 720 765 750 τῃ
780 708 860 738 πόλει
876 708 982 748 φημην.
1001 747 1006 750 ⁴

303 748 338 783 ¹7,
352 750 406 779 30.
402 749 562 822 8δημόσιος
576 750 734 790 ἅνθρωπος,
748 750 855 787 οἰκέτης
870 763 920 784 της
933 751 982 781 πό-

303 795 421 825 λεως.8
424 796 501 828 ,27.
525 793 710 832 φοβηθέντες,
732 796 775 835 μῆ
797 794 986 835 ἀνακηρυχθῇ4

303 834 397 865 αὐτῶν
422 848 435 866 η
451 834 578 876 Εδελυρία
594 837 632 871 εἰς
647 839 754 869 «πᾶσαν
770 839 819 868 την
835 838 933 867 πόλιν.
951 841 982 874 9,

303 880 356 908 16.
380 878 517 913 ἔκκλητος
537 879 627 913 πόλις.
635 884 705 930 ⁸12,
729 883 781 912 39.
806 880 981 922 ἄκριέέστα-

302 932 349 950 τον
351 921 493 972 ,συνέδριον
509 925 563 952 τῶν
575 921 600 952 ἐν
612 923 650 964 τῇ
664 923 756 954 πόλει.
773 927 891 955 13.11.
916 924 981 953 οἰκί-

301 974 335 992 αν
349 962 470 995 οπισθεν
484 977 535 1001 της
555 957 674 1001 πόλεῶς.
694 970 744 1004 13,
763 978 834 1007 pen.
858 966 982 1005 ἀψευδής

301 1018 348 1041 τις
363 1007 421 1038 ἀπὸ
433 1008 624 1049 ταύτομάτου
641 1013 790 1041 πλανᾶται
802 1011 884 1050 φήμη
901 1014 980 1042 κατὰ

300 1052 351 1081 τὴν
366 1050 457 1081 πόλιν.
483 1055 536 1088 18,
555 1055 587 1082 7.
610 1056 649 1087 εἷς
664 1055 812 1084 συνήθειαν
826 1056 876 1083 τοῦ
898 1054 981 1092 λόγου

299 1091 413 1124 ἐποίησε
440 1106 622 1126 καταστηναι
650 1099 697 1127 την
723 1097 813 1128 πόλιν.
842 1100 894 1133 23,
923 1100 978 1129 37.

301 1138 402 1177 γράφει
418 1136 465 1166 δ”
455 1150 481 1167 εν
504 1140 564 1174 τοῖς
588 1138 780 1180 ψηφίσμασιν
801 1141 890 1182 εὐχὰς
909 1141 980 1181 ὑπὲρ

300 1182 352 1213 τῆς
375 1180 483 1215 πόλεως
503 1184 569 1216 ταῖς
590 1185 712 1222 σεμναῖς
730 1183 826 1218 θεαῖς.
851 1188 904 1219 26,
925 1187 978 1215 37.

299 1223 529 1264 ἀνατετροφότας
543 1225 649 1259 πόλεις.
666 1229 719 1262 27,
736 1230 766 1257 4.
788 1227 916 1266 κηδεμὼν
927 1240 980 1262 της

301 1266 409 1300 πόλεως
424 1267 555 1307 φαίνεται
572 1269 762 1309 Δημοσθένης.
773 1273 826 1305 29,
842 1271 892 1301 15.
915 1283 980 1305 τους

300 1308 378 1343 ἅλας
391 1311 442 1344 τῆς
462 1310 569 1345 πόλεως
584 1312 645 1352 περὶ
663 1311 803 1343 πλείστου
818 1312 979 1344 νω-οιεισθαι.

300 1354 423 1388 31,14.
448 1353 481 1382 τδ
491 1354 575 1393 μέγα
588 1354 685 1394 ὄφελος
698 1368 749 1389 της
761 1355 869 1391 πόλεως
883 1364 980 1396 Δημο-

300 1394 406 1429 σθένης.
419 1399 474 1432 31,
493 1402 544 1429 22.
569 1398 796 1437 δορυάλωτοντην
809 1399 889 1429 πόλιν
899 1397 979 1433 εἱλες.

300 1440 356 1474 32,
372 1441 426 1470 33.
442 1439 607 1480 συγχαίρειν
618 1452 654 1471 τη
670 1441 770 1476 πόλει,
786 1440 829 1471 ὅτι
841 1442 982 1477 τοιούτους

299 1480 515 1522 ἄνδρας-34,
531 1486 560 1514 9.
578 1483 773 1523 ἑβδομήκοντα
786 1485 891 1520 πόλεις
901 1498 981 1526 συμ-

299 1525 434 1566 μαχίδας
457 1525 638 1557 κατέστησεν
658 1528 696 1563 εἷς
711 1540 744 1557 το
766 1527 904 1570 συνέδριον.
925 1532 980 1566 37,

302 1570 354 1598 12.
381 1571 588 1609 συνταράττειν
603 1573 658 1604 τοὶς
675 1571 788 1606 πόλεις.
807 1575 862 1607 42,
879 1575 909 1603 8.
935 1572 980 1601 κό-

300 1622 378 1650 σμος
399 1615 449 1647 τῆς
463 1613 579 1648 πόλεως.
598 1617 651 1651 42,
670 1617 722 1644 17.
748 1614 885 1645 οίκοῧεν’
875 1627 908 1645 εκ
930 1617 981 1646 τοῦ

298 1653 361 1686 Βίου
376 1655 633 1710 δεδοκιμασμένους
647 1657 740 1697 ἀξίους
755 1661 806 1693 τῆς
819 1658 927 1694 πόλεως
943 1658 981 1689 εἰ-

298 1708 352 1728 ναι.
369 1701 423 1735 43,
439 1704 470 1731 4.
495 1701 601 1731 ἀνήκοον
614 1701 730 1741 μηδενος
740 1701 823 1741 λόγου
838 1702 980 1733 ἑλληνικοῦ

297 1738 379 1780 ᾤμην
402 1742 455 1773 δεῖν
475 1755 524 1774 την
546 1743 714 1784 μέλλουσαν
737 1745 819 1776 πόλιν
840 1745 909 1786 ὑπερ
928 1749 982 1776 τῶν

297 1783 370 1816 δ’λων
385 1785 586 1819 βουλεύεσθαι.
608 1792 662 1823 44,
685 1791 717 1819 6.
742 1791 912 1819 συνεστὲἱναι
933 1788 981 1820 ἐπι

298 1829 348 1859 τῆν
363 1828 454 1860 πόλιν.
474 1833 528 1866 44,
550 1834 601 1861 21.
628 1831 853 1872 παραλογίζεται
869 1835 909 1862 τὰ
924 1843 980 1872 με-

298 1872 380 1909 γάλα
402 1875 451 1904 τήν
470 1873 560 1903 πόλιν.
583 1876 637 1910 45,
657 1877 686 1905 9.
711 1874 856 1914 ἐπιδημῶν
874 1876 913 1909 εἰς
932 1887 981 1907 την

298 1915 381 1944 πόλιν
399 1916 486 1954 ἡμῶν.
503 1919 556 1952 48,
572 1920 624 1947 42.
649 1919 735 1947 κακοῦ
750 1917 840 1958 ανδρός
857 1918 980 1958 ξύμπα-

298 1968 340 1986 σα
355 1957 446 1992 πτόλις
461 1959 585 2011 ἀπηύρα.
603 1963 656 1995 49,
675 1964 726 1991 26.
744 1967 776 1991 et
794 1963 848 1995 73,
865 1963 897 1992 3.
920 1962 979 1992 ἀπ-

298 2001 451 2038 αγγέλλειν
470 2000 540 2033 νίκην
562 2015 614 2036 της
631 2003 750 2038 πόλεως.
773 2005 827 2039 50,
842 2006 897 2034 42.
931 2003 979 2044 ζη-

297 2045 392 2077 λωτης
411 2047 467 2074 τῶν
487 2048 580 2075 καλῶν
596 2047 636 2087 τῇ
658 2047 739 2077 πόλει
762 2047 977 2087 Βουλευμάτων.

297 2088 353 2122 51,
369 2090 399 2117 8.
424 2088 626 2128 προσάγεσθαι
643 2089 685 2118 ἀεὶ
698 2089 731 2119 τὸ
743 2092 834 2120 νοσοῦν
854 2092 905 2124 τῆς
920 2090 980 2120 πτό-

298 2136 379 2164 λεως.
396 2132 450 2167 51,
473 2132 594 2172 penult.
621 2131 654 2161 τὸ
670 2133 829 2162 κάλλιστον
849 2134 898 2162 και
921 2145 980 2163 σοο-

297 2173 486 2225 φρονέστατον
508 2176 644 2215 κηρυγμα
657 2176 715 2205 τᾶἷν
736 2175 763 2206 ἐν
778 2177 819 2217 τῇ
834 2175 916 2206 πόλει
930 2187 980 2208 σε-

298 2216 429 2255 σίγηται,
449 2215 493 2251 τίς
509 2219 644 2258 ἀγορεύειν
658 2208 872 2255 Βούλεται.54,
886 2223 940 2250 14.
965 2221 980 2251 ἦ

297 2262 373 2299 φυλὴ
389 2261 422 2289 τὸ
434 2260 550 2291 δέκατον
563 2261 648 2302 μέρος
660 2274 710 2296 της
722 2262 848 2297 πόλεως.
860 2264 915 2299 54,
928 2265 980 2294 17.

297 2301 426 2336 ςεβαιοῦν
454 2316 489 2334 τη
519 2305 599 2334 πόλει
627 2306 675 2335 τὴν
699 2305 901 2345 δημοκρατίαν.
925 2308 980 2342 54,

297 2346 419 2386 penult.
437 2349 477 2377 τὰ
492 2347 629 2386 μέγιστα
645 2359 703 2378 των
720 2347 745 2377 ἐν
761 2361 797 2379 τη
816 2349 897 2380 πόλει
913 2361 976 2379 συν-

295 2387 386 2429 εδρίων
410 2389 463 2420 ὑπο
492 2393 542 2421 την
570 2391 626 2420 τῶν
652 2391 836 2431 δικαστηρίων
860 2392 978 2445 ἔρχεται

297 2430 398 2472 ψῆφον.
415 2436 470 2469 56,
487 2436 539 2465 29.
556 2432 599 2464 ἵνα
614 2446 656 2473 μη
661 2435 819 2507 δπρολαβὼν
831 2436 978 2476 χρήματα

295 2477 349 2509 τῆς
363 2475 471 2511 πόλεως
486 2476 500 2508 ἢ
513 2476 675 2517 ωράξεις,δ
677 2479 781 2517 ρασμῶ
801 2479 904 2520 χρὴση.
920 2480 973 2516 56,

297 2520 351 2549 38.
374 2518 431 2549 δ’σοι
451 2532 481 2549 τι
498 2519 698 2561 διαχειρίζουσι
721 2524 777 2551 τῶν
799 2534 852 2555 της
871 2521 980 2556 πόλεως

297 2561 368 2601 υπέρ
391 2563 543 2602 τριάκοντα
570 2565 687 2604 ἡμέρας.
707 2566 762 2600 58,
782 2566 814 2595 3.
839 2565 944 2605 προξενί
936 2578 978 2601 ,ας

297 2605 459 2646 εὐξέσθαι’
449 2617 476 2637 εν
487 2608 554 2641 ταῖς
569 2607 622 2647 ἔξω
636 2607 755 2637 ωόλεσι.
771 2610 824 2644 59,
838 2611 889 2638 26.
912 2620 978 2639 και-

298 2650 334 2689 ροὶ
351 2649 389 2690 τῇ
404 2648 485 2680 πόλει
500 2649 639 2691 τέτταρες
657 2649 826 2688 γεγένηνται.
847 2653 899 2687 61,
924 2655 976 2682 17.

297 2694 505 2723 κατακοινωνεῖν
525 2696 566 2723 τὰ.
586 2696 637 2727 τῆς
657 2692 763 2728 πόλεως
787 2694 905 2736 ἰσχυρά.
924 2697 977 2730 63,

300 2738 330 2766 9.
356 2736 540 2776 ὑφαιρεῖσθαι
563 2738 627 2772 τοὺς
650 2739 759 2777 καιροὺς
785 2740 836 2771 τῆς
859 2737 977 2772 πόλεως.

301 2781 354 2813 63,
371 2782 422 2809 12.
445 2778 703 2819 ἐγκαταγὲλαστον
718 2782 801 2811 ποιῶν
821 2782 870 2811 τὴν
885 2780 977 2812 πόλιν.

301 2823 355 2857 64,
378 2825 431 2853 31.
454 2822 624 2864 ἐπιτρέπειν
646 2823 729 2854 πόλει
756 2836 802 2855 ιση
825 2835 873 2853 και
895 2824 978 2865 ὁμοία

300 2875 369 2905 (περι
396 2868 450 2894 τῶν
469 2865 671 2920 ἐγκλημάτων.
703 2869 755 2903 65,
776 2857 828 2898 27.
851 2866 978 2898 αποδίδο-

300 2906 368 2936 σθαι
384 2920 448 2942 τους
461 2911 569 2951 καιρούς
585 2911 636 2944 τῆς
650 2908 768 2944 πόλεως.
782 2913 835 2947 66,
848 2913 902 2941 42.
925 2922 978 2940 κα-

301 2952 494 2982 τασκάπτειν
513 2952 605 2984 πόλιν.
627 2955 681 2990 69,
695 2956 728 2983 7.
751 2952 862 2994 ἐρείπειν
879 2953 980 2994 πύργον

302 2992 409 3028 πόλεως
425 2994 542 3030 ἑλόντες.
559 2998 612 3034 69,
626 3000 681 3028 23.
697 2996 980 3038 προσάπτεσθαιίιν-

707 167 904 211 INDEX
938 167 1322 212 GRAECITATIS

1064 273 1120 315 δρὸς
1139 275 1261 313 ἰδιώτου,
1280 275 1294 308 ἢ
1320 275 1469 312 δυνάστου,
1492 274 1507 307 ἢ
1527 275 1637 311 πόλεως
1652 276 1739 318 δημο-

1063 318 1262 358 κρατουμένης.
1282 322 1336 356 69,
1351 322 1408 351 36.
1431 319 1528 360 δόγμα
1541 319 1676 373 εἰσέφερον
1687 331 1741 350 κα-

1064 363 1104 391 τοὶ
1124 373 1176 395 της
1198 361 1339 415 ὑμετέρας
1360 362 1477 396 πόλεως.
1501 365 1556 399 70,
1575 366 1605 393 2.
1629 364 1742 402 ἀφοσιω

1063 405 1113 435 τὴν
1127 405 1267 446 ημετέραν
1282 405 1364 437 πόλιν
1376 418 1417 436 τα
1433 406 1508 446 ’πρὸς
1518 405 1602 439 θεούς.
1619 408 1674 441 70,
1687 409 1739 437 29.

1063 449 1152 482 πολυς
1166 447 1284 484 ἕπταινος
1295 447 1325 480 ἠν
1339 451 1418 479 κατα
1429 451 1480 484 τῆς
1496 448 1638 490 ὑμετέρας
1656 448 1741 480 πόλε-

1063 502 1109 524 ως.
1129 494 1252 526 71,11.
1276 492 1417 523 ἐπειδηέκ
1431 494 1482 522 τοῦ
1495 494 1609 533 φανεροῦ
1624 504 1674 523 την
1689 491 1741 522 πό-

1063 539 1106 564 λιν
1123 534 1272 574 ἄνθρωπος
1287 537 1335 565 οὐκ
1349 536 1464 567 ἠδύνατο
1479 538 1602 575 σφῆλαι.
1617 538 1672 572 71,
1687 537 1741 565 20.

1063 578 1274 616 στεφανοῦσθαι
1294 578 1341 609 ἐπὶ
1358 580 1426 613 ταῖς
1440 581 1492 613 τῆς
1503 579 1619 612 ’πόλεως
1634 575 1739 619 ἀτυχί·

1062 631 1116 655 αις.
1133 623 1187 657 72,
1201 625 1252 652 22.
1267 625 1381 653 ναυτικὴ
1394 622 1443 651 καὶ
1459 621 1537 660 πιέζη
1552 624 1680 662 στρατιὰ
1691 621 1740 650 καὶ

1062 662 1159 698 πόλεις
1178 664 1258 704 ἄρδην
1277 666 1346 695 εἰσὶν
1366 664 1592 705 ἀνηρπασμέναι.
1615 667 1669 701 73,
1687 667 1741 695 11.

1062 706 1219 748 προσέμιξε
1240 709 1326 749 φέρων
1348 708 1394 738 τὸν
1413 708 1526 738 κίνδυνον
1548 707 1740 748 ἀπαρασκεύῳ

1060 751 1099 790 τῇ
1114 750 1205 781 πόλει.
1220 754 1276 787 74,
1292 754 1344 783 24.
1361 750 1542 790 ἀγνωμοσύνη
1555 753 1606 784 τῆς
1621 750 1740 784 πόλεως.

1061 794 1114 828 75,
1134 796 1186 824 24.
1209 794 1272 824 οὔτε
1287 794 1379 831 πόλις,
1401 793 1459 825 οὔτ’
1472 795 1583 828 ἰδιώτης
1602 794 1663 833 ἀνὴρ
1678 794 1742 824 πώ·

1062 846 1134 866 ποτε
1148 838 1245 872 καλῶς
1260 837 1411 876 ἀπήλλαξε
1426 836 1599 877 Δημοσθένει
1612 836 1742 876 συμβού-

1059 885 1102 919 λῳ
1117 882 1307 922 χρησάμενος.
1325 883 1379 916 76,
1396 884 1426 912 8.
1458 881 1538 921 ἄρδην
1553 879 1741 920 ἀνατετροφό-

1059 934 1100 952 τα
1115 927 1164 955 τῆν
1177 923 1304 954 εΕλλοίδα
1320 924 1368 954 καὶ
1383 926 1433 954 την
1447 923 1538 954 πόλιν.
1554 925 1610 959 76,
1632 926 1684 954 12.
1710 923 1739 952 οὗ

1059 968 1109 997 ‘riv
1133 966 1191 998 ἀπὸ
1214 967 1409 1008 στρατοπέδου
1435 967 1515 1006 μόνον
1537 965 1619 997 ἔλιπε
1646 965 1740 1005 τάξιν,

1059 1010 1139 1040 ἀλλὰ
1154 1010 1201 1040 καὶ
1217 1013 1265 1042 τὴν
1286 1010 1318 1040 ἐκ
1341 1013 1394 1044 τῆς
1415 1009 1534 1045 πόλεως,
1553 1020 1615 1039 non
1639 1011 1739 1039 solum

1059 1054 1170 1089 aciem,
1183 1055 1238 1085 sed
1255 1055 1361 1085 urbem
1379 1054 1459 1084 adeo
1472 1054 1571 1094 ipsam
1587 1052 1737 1083 deseruit.

1058 1098 1114 1132 76,
1131 1100 1183 1127 14.
1205 1100 1255 1129 τὴν
1271 1100 1319 1129 σῆν
1333 1096 1452 1128 ἀηδίανη
1470 1095 1553 1130 πόλις
1567 1095 1615 1125 οὐκ
1630 1094 1739 1137 ἐχώρει.

1057 1142 1112 1176 77,
1138 1144 1190 1170 10.
1222 1139 1455 1180 ἀμπελουργοῦσί
1478 1150 1549 1173 τινες
1574 1141 1623 1170 την
1649 1138 1739 1169 πόλιν.

1057 1184 1112 1219 77,
1130 1185 1183 1214 25.
1207 1185 1366 1223 ἀγωνιστης
1389 1181 1508 1223 ἀμείνων
1528 1182 1598 1222 ὑπὲρ
1613 1194 1664 1216 της
1678 1181 1739 1211 ἰσό-

1057 1233 1127 1262 λεως
1142 1228 1268 1268 υπάρχη.
1285 1229 1340 1261 78,
1357 1227 1411 1256 ult.
1426 1225 1542 1280 μὲἱληλόν
1556 1237 1602 1256 σοι
1617 1237 1673 1255 των
1687 1225 1739 1255 αὐ-

1056 1268 1181 1321 Θημέρων
1205 1270 1292 1308 λόγων
1312 1270 1410 1310 μέλει,
1429 1269 1443 1301 ἢ
1466 1281 1517 1302 της
1537 1267 1677 1309 σωτηρίας
1688 1279 1740 1302 της

1057 1313 1175 1347 πόλεως.
1197 1315 1250 1349 83,
1267 1316 1318 1344 38
1343 1312 1469 1352 ἐξορμεῖς
1492 1310 1524 1341 ἐκ
1548 1324 1598 1346 της
1621 1312 1740 1345 πόλεως.

1058 1358 1112 1392 84,
1128 1359 1159 1386 4.
1183 1354 1227 1395 ἐφ’
1242 1353 1278 1390 οἷς
1295 1358 1308 1386 ἡ
1328 1356 1409 1389 πόλις
1424 1353 1556 1386 ἐπένθησε
1571 1354 1619 1384 καὶ
1635 1352 1739 1395 ἐκείρα-

1058 1410 1101 1428 το.
1113 1402 1166 1434 84,
1183 1402 1232 1428 14.
1246 1397 1406 1439 ἐμποδίζειν
1418 1399 1482 1432 τοὺς
1492 1400 1545 1431 τῆς
1557 1397 1666 1431 πόλεως
1673 1409 1739 1427 και-

1058 1441 1124 1482 ρούς.
1136 1444 1251 1477 85,35.
1267 1441 1388 1481 ἔφησθα
1404 1443 1469 1476 τοὺς
1481 1442 1532 1475 τῆς
1541 1439 1649 1474 πόλεως
1662 1440 1739 1474 ἅλας

1058 1485 1119 1526 περὶ
1135 1484 1254 1518 πλείονος
1277 1483 1417 1515 ποιεῖσθαι
1434 1486 1486 1518 τῆς
1502 1483 1604 1523 ξενικῆς
1627 1483 1740 1525 τραπέ-

1060 1526 1116 1568 ζης.
1134 1530 1187 1564 85,
1205 1529 1260 1559 ult.
1284 1526 1448 1562 ἀνηκέστοις
1467 1528 1564 1562 κακοῖς
1579 1529 1628 1558 τὴν
1649 1526 1738 1557 ’πόλιν

1059 1571 1249 1612 περιβαλλειν.
1263 1574 1315 1607 86,
1328 1574 1359 1602 8.
1374 1569 1603 1611 κατεργαζεσθαι
1614 1571 1738 1609 μεγαλα

1057 1626 1092 1645 τη
1111 1615 1202 1645 πόλει.
1222 1618 1275 1651 86,
1293 1618 1345 1646 23.
1373 1616 1434 1656 ἀνηρ
1448 1616 1503 1654 γὰρ
1519 1613 1654 1648 ἶδιώτης’
1645 1625 1670 1644 εν
1686 1612 1737 1643 πό-

1058 1663 1101 1688 λει
1117 1657 1364 1700 δημοκρατουμένη
1389 1657 1465 1699 νόμῳ
1484 1657 1531 1686 καὶ
1548 1655 1635 1697 ψηφῳ
1652 1657 1739 1691 βασι-

1057 1701 1141 1732 λεύει.
1158 1704 1211 1738 87,
1228 1705 1258 1733 8.
1282 1691 1431 1742 περιτιθεις
1445 1713 1478 1730 το
1490 1701 1609 1741 ἀξίωμα
1620 1711 1671 1733 της
1685 1698 1737 1729 πό-

1058 1750 1128 1780 λεως
1128 1743 1324 1797 Δημοσθένει.
1336 1747 1390 1780 87,
1402 1748 1455 1775 40.
1470 1743 1616 1783 ἄνθρωπος
1627 1742 1737 1783 αἰσχύ-

1057 1798 1085 1818 νη
1106 1800 1157 1822 της
1173 1788 1281 1824 πόλεως
1295 1788 1422 1828 γεγονώς.
1436 1790 1489 1823 88,
1505 1790 1556 1818 18.
1579 1787 1737 1826 αντιπαρα-

1057 1831 1252 1870 τεταγμένους
1277 1831 1344 1873 πρὸς
1369 1842 1418 1862 την
1447 1830 1555 1861 τούτων
1583 1828 1738 1867 ἀσέλγειαν

1057 1885 1121 1908 τους
1136 1887 1187 1908 της
1201 1875 1310 1908 πόλεως
1324 1873 1481 1914 ευεργέτας.
1500 1875 1620 1909 90,16.
1644 1872 1735 1902 Σόλω-

1056 1928 1091 1947 να
1110 1916 1156 1947 τὸν
1177 1929 1371 1957 κοσμησαντα
1392 1928 1441 1947 την
1463 1915 1544 1946 πόλιν
1565 1914 1736 1948 καλλίστοις

1057 1959 1157 1999 νόμοις.
1183 1964 1235 1996 90,
1259 1963 1309 1990 17.
1333 1959 1479 2000 ἐπιδημεῖν
1503 1960 1542 1993 εἷς
1561 1969 1610 1989 την
1635 1957 1735 1994 πτόλιν,

1058 2003 1165 2033 venire
1180 2005 1212 2034 in
1228 2004 1344 2034 urbem.
1363 2005 1415 2039 90,
1437 2005 1490 2033 23.
1514 2001 1690 2042 ἒκκηρύττειν
1702 2000 1735 2030 ἐκ

1056 2048 1108 2079 τῆς
1123 2045 1241 2080 πόλεως.
1257 2049 1310 2082 90,
1325 2049 1378 2077 24.

1015 2087 1172 2130 πολιτεία]
1198 2090 1344 2120 ‘mmmmm
1359 2099 1433 2129 Τξξῑς
1449 2086 1515 2117 Εῖναί
1537 2088 1625 2127 ωᾶξᾶ.
1646 2087 1736 2117 ’ῙΓΞΟἾΎ

1057 2132 1214 2173 ἀνθρώποις
1229 2133 1444 2173 ὁμολογουνται.
1456 2133 1546 2167 1,18.
1570 2131 1733 2160 διοικοῦνται

1056 2187 1086 2205 αι
1111 2177 1256 2207 πολιτεῖαι
1278 2188 1340 2210 τοις
1363 2174 1475 2215 τρόποις
1499 2176 1555 2203 τῶν
1577 2171 1734 2212 ἐφεστηκό-

1057 2230 1126 2249 των.
1145 2222 1176 2255 1,
1193 2222 1244 2250 20.
1269 2217 1418 2254 ἀπιστία,
1435 2217 1494 2247 καὶ
1517 2230 1531 2248 η
1553 2215 1620 2257 μεθ’
1640 2215 1734 2246 δ’πλων

1058 2265 1160 2303 φρουρα
1175 2262 1261 2302 σώζει
1273 2274 1314 2292 τα
1329 2273 1384 2292 των
1398 2261 1527 2302 τυράννων
1541 2260 1590 2289 καὶ
1606 2261 1660 2289 τῶν
1676 2259 1734 2288 ὄλι-

1057 2308 1183 2346 γαρχιῶν
1208 2306 1341 2345 σώματα
1366 2317 1413 2334 και
1439 2302 1594 2335 πολιτείαν.
1625 2306 1655 2339 1,
1680 2306 1733 2335 22.

1055 2348 1144 2378 ἄνισον
1160 2346 1307 2380 πολιτείαν
1322 2347 1543 2388 πολιτευόμενοι.
1555 2350 1586 2382 1,
1599 2348 1653 2377 24.
1667 2357 1733 2380 τους

1054 2390 1081 2420 ἐν
1097 2395 1194 2433 χειρῶν
1210 2391 1286 2432 νόμῳ
1300 2404 1355 2426 τας
1365 2389 1511 2424 πολιτείας
1523 2387 1732 2423 καταλύοντας.

1054 2434 1133 2465 ibid.
1157 2447 1216 2465 ισην
1230 2447 1280 2465 και
1296 2434 1402 2475 ἐ’ννομον
1417 2432 1571 2464 ’πολιτείαν
1587 2433 1672 2473 ἔχειν.
1699 2437 1730 2468 1,

1055 2480 1108 2510 25·
1130 2477 1374 2518 συμπέπλεγμαι
1389 2477 1415 2507 ἐν
1428 2490 1466 2508 τη
1481 2474 1614 2515 πολιτείᾳ,
1624 2475 1730 2516 ἀνθρώ-

1056 2530 1101 2560 πῳ
1122 2520 1215 2559 γόητι.
1231 2524 1285 2558 48,
1302 2524 1355 2552 32.
1387 2519 1575 2571 ἐμπληξίαν
1583 2517 1732 2554 πολιτείας

1055 2575 1107 2594 τινι
1130 2563 1272 2616 ονειδίζεικ
1287 2566 1406 2600 50,10
1439 2560 1666 2602 παρεμπίπτειν
1690 2562 1730 2596 εἷς

1054 2618 1103 2638 την
1129 2608 1285 2638 πολιτείαν.
1310 2608 1365 2643 51,
1382 2609 1434 2638 20.
1458 2605 1640 2647 παραχωρεῖν
1668 2617 1730 2635 τισι

1053 2651 1106 2684 τῆς
1121 2650 1279 2685 ’πολιτείας
1295 2653 1376 2681 κατὰ
1393 2648 1501 2690 μικρόν.
1518 2651 1572 2685 54,
1586 2650 1636 2679 21.
1670 2659 1730 2679 πα-

1054 2693 1284 2733 ρακαταθέμενοι
1300 2697 1349 2724 τὴν
1361 2691 1508 2724 πολιτείαν
1522 2692 1600 2733 ὑμῖν.
1611 2693 1664 2727 54,
1675 2694 1727 2722 39.

1054 2736 1243 2767 διαπιστεύειν
1251 2737 1304 2766 τινὶ
1317 2748 1365 2767 την
1377 2734 1539 2767 ωολιτείαν.
1548 2735 1626 2766 ibid.
1643 2736 1732 2764 τοιοῦ-

1054 2791 1101 2809 τον
1117 2779 1174 2815 ἔθος
1189 2779 1403 2821 παραδέδυκεν
1384 2782 1471 2831 Νυμῶν
1486 2779 1525 2814 εἰς
1539 2790 1588 2810 την
1603 2775 1732 2810 πολιτεί-

1054 2834 1097 2852 αν.
1113 2826 1166 2859 59,
1183 2826 1213 2853 2.
1237 2823 1463 2864 αυτομολοῦντες
1483 2821 1509 2853 ἐν
1526 2834 1561 2864 τῃ
1583 2820 1728 2861 πολιτείᾳ.

1056 2869 1110 2902 64,
1127 2870 1178 2898 22.
1201 2865 1262 2905 ἐξ”
1246 2878 1310 2896 οτου
1329 2865 1510 2906 Δημοσθένης
1524 2865 1598 2906 ωρός
1611 2867 1661 2897 τῆν
1676 2876 1730 2895 πο-

1055 2909 1162 2939 λιτείαν
1192 2909 1384 2940 εἶσεληλυῢεν.
1419 2909 1496 2949 (nisi
1527 2908 1730 2949 προσεληλυθεν

1056 2954 1223 2994 legendum
1245 2952 1310 2994 est)
1330 2956 1385 2989 72,
1413 2955 1466 2983 4⁶2.
1502 2951 1730 2992 ἀπομιμεῖσθαι

1056 2999 1233 3037 Κλεοφῶντος
1255 2995 1418 3028 πολιτείαν.
1437 2997 1493 3032 75,
1508 2998 1540 3027 3.
1571 2994 1730 3035 διατέμ-νειν
