1916 3340
317 188 429 242 360

319 311 391 348 deo,
408 321 464 341 cur
485 321 502 340 a
525 310 652 350 vulgata
666 308 855 342 discedatur.
903 309 943 339 Et
959 308 1036 339 civi-

318 355 392 384 tatis
408 359 494 384 erant
511 354 602 384 animi
620 354 747 389 excelsi,
763 361 789 384 et
805 355 833 383 lii
851 357 947 387 certe,
960 358 1037 382 tam-

319 398 379 427 etsi
404 399 461 427 lioo
489 399 681 428 solummodo
708 407 819 436 genere
847 396 969 426 lionoris
993 396 1037 425 af-

319 441 405 476 fecti,
427 442 508 480 quod
533 443 570 471 ad
596 441 762 472 hodiernos
787 451 886 469 mores
914 446 1037 469 nostros

318 485 474 514 modicum
502 489 533 514 et
554 485 810 514 contemnendum
833 483 911 512 adeo
932 483 1038 512 videa-

319 532 383 562 tur,
395 528 479 566 digni
497 534 582 557 erant
598 528 656 557 hae
672 533 730 557 tani
749 526 942 564 magnanima
959 526 1038 555 civi-

319 574 394 606 tate,
412 581 465 600 seu
482 572 592 601 merita
609 581 713 600 eorum
732 570 769 599 de
787 570 884 608 patria
899 569 1038 608 magnifi-

318 614 452 644 centiam
470 615 576 654 patriae
597 613 805 653 magnitudine
821 614 1037 650 exaequabant.

318 656 424 696 ἀνάξιοι
446 658 472 687 si
494 659 621 698 probes,
641 661 693 686 aut
713 655 772 685 erit.
793 655 840 685 οὐκ,
856 655 960 694 ἀνάξιοι
976 656 1038 694 leg.

319 707 372 730 ant
386 701 412 729 si
425 711 492 730 cum
507 701 641 742 Tayloro
655 699 842 730 coactiorein
857 699 1039 728 sententiam

323 754 339 773 e
356 744 461 774 verbis
478 744 583 774 invitis
601 748 799 781 extorquere,
817 747 847 772 et
868 743 1039 782 interroga-

318 786 432 817 tionem
451 787 616 816 obtrudere
629 786 707 816 velis
723 785 853 824 simplici
867 791 897 814 et
912 785 1040 815 directae

319 831 461 865 orationi,
479 836 542 859 tum
559 830 587 859 οὐ
604 829 664 859 erit
682 828 925 867 interrogationi,
945 828 1040 858 veluti

317 874 479 912 responsio
491 872 891 913 quaedan1,subjiciendum.
909 873 946 901 ad
961 872 1040 901 liunc

318 918 441 946 modum
457 928 463 945 :
496 918 547 950 ’τῆς
576 916 684 951 πόλεως
713 915 836 955 ἀνάξιοι;
867 916 906 945 οὐ.
936 915 965 945 οὐ
987 917 1040 955 ’γὰρ

318 958 412 998 ᾤοντο.
437 960 551 989 Verum
578 959 814 998 interrogationi
843 959 957 988 nullum
990 959 1039 988 bic

319 1014 388 1033 esse
412 1003 513 1033 locum
540 1003 725 1035 vocabulum
750 1001 912 1041 κᾴκεῖνοίγε
929 1002 1039 1040 arguit.

319 1047 515 1085 Interrogare
533 1047 612 1076 enim
633 1047 658 1075 si
680 1047 831 1075 voluisset
848 1050 962 1080 orator,
982 1056 1040 1074 non

320 1090 462 1120 dicturus
479 1091 587 1120 suisset
604 1087 722 1129 κᾷκεῖνοί
736 1099 778 1127 γε,
797 1090 851 1118 sed
868 1088 960 1118 ἐκεῖνοι
977 1087 1017 1118 δέ.

363 1132 390 1172 ᾗ.
407 1132 459 1171 ZC'.
477 1144 507 1172 p.
527 1134 600 1163 ⁴253.
618 1144 646 1162 v.
661 1135 690 1163 9.
703 1131 805 1171 πολὺν]
831 1133 892 1162 Pro
909 1133 997 1162 πολὺν
1010 1132 1039 1161 in

318 1177 426 1206 Mead.
444 1182 492 1206 est
507 1176 641 1210 πολλούς.
657 1177 738 1215 quod
753 1175 899 1205 arbitratu
916 1187 983 1204 meo
994 1175 1039 1205 illi

319 1220 407 1249 alteri
426 1221 560 1259 adjunxi,
576 1226 610 1249 ut
627 1221 692 1249 liaec
706 1219 802 1249 exiret
813 1219 975 1254 sententia,
989 1219 1040 1259 qni

318 1263 414 1292 multa
427 1269 455 1293 et
470 1274 579 1304 magna
594 1273 663 1293 cnm
679 1263 734 1293 diu.
751 1263 918 1292 tolerassent
936 1263 1040 1292 discri-

318 1308 412 1336 mina.

363 1350 440 1380 ibid.
462 1360 492 1379 v.
511 1351 563 1380 13.
578 1346 628 1402 ἒφέ
639 1346 659 1378 ὡ
673 1348 722 1388 τε]
752 1348 860 1378 Lectio
890 1347 956 1377 sine
983 1347 1039 1377 du-

319 1392 372 1422 bio
396 1393 515 1427 vitiosa,
541 1391 585 1432 ἐφ’
607 1395 626 1431 ᾠ
650 1403 694 1427 τε,
716 1402 784 1430 quae
808 1392 838 1420 in
863 1391 934 1420 edd.
951 1391 1041 1420 Wol-

320 1435 365 1472 fii,
387 1436 539 1475 Stephani
562 1441 595 1465 et
615 1435 740 1474 Tapori
768 1439 888 1473 regnat,
913 1445 928 1464 a
951 1434 1041 1463 Wol-

320 1479 359 1508 fio
382 1480 520 1518 profecta
543 1484 603 1514 est,
627 1479 677 1508 cni
700 1489 757 1516 ego
788 1478 930 1516 equidem
956 1477 1040 1507 illam

320 1522 429 1552 lubens
446 1523 567 1562 reliqui.
608 1522 710 1552 Licuit
728 1521 850 1551 interim
870 1527 968 1550 tamen
986 1520 1043 1550 AE-

319 1566 418 1595 schini
436 1577 520 1595 suam
540 1570 674 1595 veterem
691 1567 814 1605 probam
837 1570 869 1594 et
893 1564 1041 1603 primige-

317 1609 399 1639 niam
424 1610 586 1639 lectionem
608 1607 653 1649 εφ’
671 1606 688 1650 ᾗ
704 1620 737 1639 τε
761 1608 930 1638 vindicare.
948 1613 981 1638 ut
996 1606 1043 1647 ἐφ

319 1649 342 1692 ᾠ
357 1663 390 1682 τε
406 1658 583 1692 usurpatur,
600 1663 667 1691 pro,
695 1663 728 1682 ea
746 1652 808 1692 lege
828 1658 916 1691 atque
940 1653 1042 1681 condi-

319 1696 410 1731 tione,
422 1696 463 1726 ita
479 1697 520 1726 nil
537 1697 629 1726 video
644 1706 756 1731 causae,
773 1706 826 1725 cur
842 1700 972 1734 negetur
989 1705 1041 1724 ve-

321 1740 414 1769 tustis
442 1741 471 1770 in
501 1751 559 1769 usu
583 1740 690 1775 fuisse,
721 1740 830 1769 eodem
856 1738 1042 1777 significatu,

320 1781 365 1823 ἐφ’
380 1780 397 1813 ἷ
410 1793 453 1812 τε.
471 1783 551 1822 quod
570 1783 651 1813 idem
670 1787 718 1812 est
731 1787 822 1822 atque
838 1780 884 1812 ἐπὶ
899 1781 993 1823 ταύτῃ
1006 1781 1046 1822 ’τῇ

320 1828 481 1866 ’ω’ξοφάσει,
498 1827 585 1856 ὥστε.

365 1870 442 1899 ibid.
458 1881 487 1900 v.
501 1873 551 1900 14.
565 1871 606 1899 τὰ
617 1868 739 1910 ἑαυτῶν]
755 1870 800 1898 Τὰ
812 1869 898 1898 abest
908 1878 925 1897 a
937 1867 1043 1896 Mead.

322 1913 377 1943 sed
395 1918 458 1942 tum
485 1913 573 1952 prius
593 1922 716 1952 quoque
740 1912 851 1941 melius
874 1910 1043 1941 omittatur-

322 1956 386 1986 Sed
405 1957 481 1986 bene
500 1957 591 1986 babet
609 1955 744 1994 vulgata.

366 2011 396 2039 p.
414 2000 488 2030 254.
505 2011 534 2029 v.
555 2002 585 2029 4.
605 1997 760 2038 δυσμενέων
775 1996 847 2038 εἶξον
863 1996 1042 2039 ἀμηχανίην]

322 2044 511 2074 Invenerunt
523 2042 683 2078 rationem,
697 2053 755 2081 qua
770 2042 873 2071 hostes
888 2042 925 2070 ad
944 2042 1043 2070 consi-

321 2087 382 2117 tii
375 2087 508 2125 mopiam
533 2090 565 2116 et
585 2086 831 2126 desperationem
855 2084 961 2114 salutis
978 2084 1045 2113 adi-

323 2134 443 2170 gerent.

367 2173 444 2203 ibid.
463 2184 491 2203 v.
509 2174 539 2202 8.
554 2172 685 2213 μᾶλλον]
714 2170 768 2206 ‘524-
783 2171 938 2211 μᾶλλον-
943 2169 1045 2200 ἐθελη-

323 2228 360 2257 cp
379 2216 513 2246 Helmst.
527 2217 610 2256 quod
628 2215 653 2245 si
667 2216 857 2250 admittatur,
872 2224 1044 2253 quanquam

323 2249 365 2289 nil
382 2270 419 2289 eo
432 2271 511 2299 opus
528 2265 587 2296 est,
603 2260 666 2299 leg.
680 2259 720 2289 sit
731 2258 786 2292 Ὧς
797 2257 913 2299 μᾶλλόν
925 2269 970 2291 τις
986 2257 1046 2287 ἰδὼν

323 2302 504 2334 -ἐὲελὴση

369 2359 398 2387 p.
421 2349 494 2377 25>
512 2356 542 2375 v.
565 2348 596 2377 9.
617 2343 678 2374 ἐκεῖ
697 2344 724 2376 δὲ
746 2345 794 2375 οὐκ
815 2342 1046 2385 ἐπιγέγξοιπτοιι]

324 2389 379 2420 Sic
398 2390 577 2419 distinctum
594 2389 673 2418 bunc
689 2390 790 2419 locum
812 2388 961 2418 exhibent
979 2387 1046 2417 vul-

325 2439 416 2473 gatae.
464 2435 529 2472 Ego
543 2433 580 2462 de
595 2443 662 2461 ineo
680 2443 757 2472 pone
774 2432 801 2461 δὲ
815 2432 936 2471 siguum
953 2431 1047 2460 inter-

325 2477 454 2516 rogandi
471 2475 656 2515 interposui,
667 2476 757 2514 plura
772 2485 828 2504 non
841 2485 944 2504 ausus,
970 2475 1046 2503 Pot-

324 2526 374 2550 est
390 2520 470 2550 enim
486 2520 574 2549 locus
590 2519 710 2557 integer
724 2529 803 2553 esse,
816 2518 938 2547 tametsi
956 2518 1045 2547 facile

324 2564 437 2593 deesse
464 2574 522 2592 non
546 2562 622 2592 nihil
646 2563 745 2592 videri
773 2562 882 2602 possit.
931 2561 1044 2590 Verum

325 2607 400 2636 nihil
416 2608 515 2636 deest.
546 2607 604 2636 Est
619 2610 839 2646 repraesentata
857 2604 960 2633 verbis
978 2615 1044 2634 ora-

325 2650 402 2680 toris
424 2655 455 2680 et
480 2649 586 2680 nescio
603 2651 690 2688 cujus
708 2650 786 2679 alius
813 2647 1043 2677 sermocinatio.

326 2694 441 2724 Orator
457 2693 634 2732 interrogat.
659 2692 706 2722 Im·
721 2698 820 2722 autem
835 2709 887 2720 -—.
913 2690 998 2730 (scil.
1013 2691 1043 2720 in

326 2737 444 2767 Poecile
457 2737 527 2776 quis
539 2741 586 2766 est
599 2737 662 2766 dux
677 2736 761 2765 illius
777 2734 880 2775 proelii
892 2734 919 2773 ἶ)
944 2735 1044 2764 Inter-

325 2780 422 2818 pellat
451 2780 552 2818 eloqui
582 2784 613 2809 et
643 2780 797 2811 desectum
820 2777 967 2808 orationis
989 2788 1043 2806 ex-

324 2823 410 2862 plere
432 2824 585 2853 volentem
603 2823 791 2853 collocutor:
818 2822 930 2852 Nomen
954 2821 1044 2859 impe-

325 2868 434 2896 ratorz‘s
464 2868 501 2897 ibi
527 2867 710 2905 adscriptum
740 2878 799 2897 non
823 2872 873 2895 est.
918 2864 1042 2894 Orator.

327 2909 409 2944 Quid
423 2911 464 2938 ita
479 2912 492 2939 ,ἓ
516 2911 565 2939 vel
581 2921 636 2939 cur
653 2911 745 2939 istud.

369 2963 401 2992 p.
419 2954 494 2984 ⁰256.
511 2965 540 2983 v.
556 2956 586 2984 8.
603 2953 820 2994 παρανάγνωθι]
846 2953 926 2982 Post.
941 2960 1043 2990 τιτοιςα-

324 2995 446 3034 νάγνωὲι
463 2997 572 3026 deesse
594 2997 716 3026 videtur
733 2997 760 3027 δὲ
777 3002 829 3026 aut
845 2995 886 3025 δή.

369 3039 446 3070 ibid.
463 3049 495 3070 v.
512 3041 563 3070 12.
587 3040 609 3069 εἷ
630 3039 725 3080 τοῦτ’]
759 3038 920 3079 Interponi
947 3040 1041 3071 velim

758 200 989 244 REISKII
1024 199 1357 242 ANNOTATA

1070 310 1137 348 7¹²?-

1115 352 1140 392 §.
1162 351 1217 391 ξγῖ
1243 362 1274 391 p.
1301 352 1375 384 257.
1401 361 1432 382 v.
1453 354 1482 382 1.
1506 352 1558 388 τῗίς
1581 351 1785 395 ἇνδςαγαθιας]

1073 395 1195 425 Rursus
1213 395 1262 424 hic
1280 393 1469 434 interponam
1487 394 1598 426 ἐκείνων.

1115 438 1140 477 §-
1160 437 1210 477 ξδ.
1228 449 1258 477 p.
1272 440 1346 469 257.
1365 450 1393 468 v.
1412 439 1466 469 ult.
1490 438 1579 477 ὅμοιον
1592 437 1625 468 τό
1637 449 1724 478 ονομα
1738 439 1788 469 καὶ

1071 480 1104 510 τὸ
1115 481 1204 523 ἐ’ςγον]
1230 483 1361 512 Videtur
1372 492 1453 521 pone
1466 482 1595 523 primum
1606 482 1787 512 vocabulum

1073 525 1183 554 deesse
1199 525 1273 566 ωρός
1288 527 1386 565 μῖσος.
1399 526 1522 564 perinde
1533 526 1572 555 ad
1588 524 1792 565 odiumfuisse

1072 573 1099 597 et
1117 578 1215 598 nomen
1234 575 1259 598 et
1274 579 1346 598 rem.
1362 569 1391 598 h.
1406 579 1433 599 e.
1452 573 1614 608 utrumque
1630 568 1790 607 aequaliter

1072 611 1169 640 fuisse
1184 612 1422 651 ignominiosum
1439 617 1470 642 et
1485 611 1630 646 invisum,
1642 612 1708 641 sive
1722 611 1790 650 quis

1073 652 1192 693 ὀνόματι
1207 660 1335 691 tantum,
1359 655 1426 685 sive
1452 655 1544 685 etiam
1575 654 1643 694 ἔργῳ
1668 654 1790 694 legibus

1074 698 1205 727 adversa
1231 703 1396 738 patrasset.
1442 699 1545 729 Locus
1575 698 1625 727 hic
1650 698 1792 729 affectata

1073 740 1226 771 brevitate
1250 747 1280 772 et
1301 742 1506 772 concinnitate
1531 741 1714 771 obscuratus
1732 745 1792 777 est,

1074 788 1108 812 ut
1124 785 1303 816 sententiam
1321 786 1522 824 conjectando
1547 784 1659 814 elicere
1683 784 1723 814 sit
1744 794 1793 814 ar-

1073 827 1181 863 duum,
1200 828 1321 859 videtur
1338 834 1437 859 autem
1450 828 1537 869 ὄνομα
1550 828 1721 869 παρανόμων
1738 838 1791 867 ap·

1074 870 1192 909 pellare
1211 873 1386 902 suasionem
1401 872 1506 912 legum
1524 872 1654 901 vetustis
1670 871 1792 911 legibus

1073 918 1165 952 atque
1186 915 1260 944 ritui
1280 916 1381 955 patrio
1397 915 1621 955 obi-ogantium.
1644 914 1718 956 ἔργον
1734 925 1793 945 πει,-

1074 956 1195 997 ρανόμων
1211 963 1310 988 autem
1329 959 1533 998 patrationem
1558 959 1708 987 scelerum
1730 963 1792 986 sta-

1074 1006 1136 1029 tum
1155 1001 1231 1040 reip.
1249 1002 1468 1032 evertentium.
1514 1001 1583 1032 Erit
1603 1001 1699 1040 igitur
1723 1010 1792 1030 sen-

1075 1044 1168 1073 tentia
1186 1045 1261 1081 lraec,
1286 1045 1347 1075 isto
1364 1045 1520 1075 admisso:
1545 1045 1674 1083 perinde
1694 1044 1793 1074 fuisse

1073 1097 1197 1124 exosos,
1215 1089 1240 1118 si
1254 1089 1304 1128 qui
1318 1089 1380 1128 juri
1401 1093 1522 1118 vetusto
1539 1087 1625 1118 civili
1640 1087 1794 1117 contraria

1073 1131 1221 1168 rogarint,
1238 1138 1329 1171 atque
1350 1132 1376 1162 si
1401 1132 1452 1171 qui
1475 1132 1612 1162 facinora
1628 1131 1699 1167 alia,
1713 1130 1792 1170 reip.

1073 1174 1229 1210 damnosa,
1247 1175 1469 1206 commiserint.

1118 1228 1148 1256 p
1167 1220 1241 1249 258.
1258 1230 1287 1249 ν.
1302 1221 1333 1249 ’7.
1357 1217 1390 1248 ’τὸ
1411 1217 1571 1258 ψήφισμα]
1595 1218 1719 1248 Novum
1735 1227 1794 1257 pu-

1074 1265 1115 1294 ta,
1133 1271 1150 1289 a
1168 1272 1222 1291 reo
1238 1264 1293 1292 τῶν
1314 1262 1484 1303 παρανόμων
1503 1262 1609 1291 latum.
1629 1263 1709 1301 quod
1730 1262 1794 1290 No-

1075 1308 1138 1333 ster
1167 1306 1259 1343 paulo
1290 1312 1361 1346 post
1380 1317 1474 1336 versu
1498 1309 1549 1335 11.
1576 1302 1610 1334 τὸ
1633 1305 1796 1345 ποιςάνομον

1075 1348 1220 1386 appellat.

1120 1390 1197 1420 ibid.
1215 1403 1244 1422 v.
1260 1394 1312 1423 14.
1329 1391 1393 1433 ἤδη]
1419 1393 1495 1422 Cum
1511 1391 1656 1430 praesenti
1672 1388 1796 1431 ποιξαδὲ-

1075 1433 1173 1472 χεσθε
1189 1435 1270 1465 haud
1293 1436 1370 1465 bene
1387 1440 1517 1465 constat..
1541 1434 1646 1464 malim
1677 1432 1796 1474 παρεδέ-

1077 1475 1178 1514 ξασθε,
1195 1483 1247 1508 aut
1261 1477 1471 1520 ωαξοιδέδεχθε
1486 1478 1518 1508 in
1541 1478 1700 1517 proeterito
1723 1487 1794 1517 per-

1078 1520 1169 1551 teoto.

1124 1565 1201 1595 ibid.
1219 1576 1247 1595 ν.
1275 1570 1417 1605 antepen.
1447 1564 1541 1605 ὑμῶν]
1571 1563 1679 1594 Malim
1697 1562 1745 1604 ὑφ’
1765 1564 1796 1594 ὑ-

1076 1611 1150 1649 μῶν,
1167 1619 1183 1637 a
1201 1609 1301 1638 vobis.

1121 1652 1147 1692 ᾗ.
1164 1650 1205 1691 ξὲ,
1230 1663 1260 1692 p.
1284 1653 1358 1683 259.
1387 1661 1419 1681 v.
1436 1655 1488 1682 14.
1519 1649 1794 1691 διαπολιτευόμενοι]

1077 1695 1170 1726 Wolf
1189 1698 1227 1725 de
1258 1706 1314 1725 suo
1349 1695 1476 1725 dederat
1508 1694 1797 1733 ἀντιπολιτευόμενοι.

1078 1750 1137 1779 ego
1155 1749 1228 1768 vero
1245 1743 1397 1769 vetustam
1414 1739 1542 1778 probam
1561 1738 1724 1768 lectionem
1744 1737 1796 1766 Al-

1078 1784 1158 1812 dinae
1172 1788 1201 1812 et
1215 1782 1408 1821 Stephaninae
1421 1782 1537 1817 διαπολ,
1547 1781 1706 1811 revocavi.
1719 1780 1799 1809 Ver-

1078 1827 1117 1856 bo
1135 1827 1193 1855 lioo
1214 1827 1288 1855 item
1309 1837 1379 1855 usus
1403 1831 1462 1861 est,
1485 1825 1591 1855 nescio
1609 1835 1647 1854 an
1672 1823 1797 1854 AEschi-

1078 1880 1147 1899 nem
1171 1869 1321 1905 imitatus,
1339 1869 1506 1908 Polyaenus
1530 1879 1563 1907 p.
1578 1870 1633 1899 45.
1658 1867 1690 1897 id
1711 1867 1795 1907 quod

1078 1913 1165 1942 disco
1189 1923 1205 1942 e
1226 1913 1348 1942 liter-ata
1370 1911 1584 1950 Kronbiegelii
1610 1912 1649 1941 A.
1668 1912 1714 1940 M.
1741 1920 1796 1939 no-

1079 1956 1184 1986 stratis·
1201 1955 1433 1992 dissertatione,
1451 1965 1549 1995 nuper
1568 1954 1737 1993 publicata,
1754 1953 1794 1982 de

1078 1999 1223 2029 dictionis
1252 2000 1424 2038 Polyaeneae
1451 1999 1617 2029 virtutibus
1640 2002 1671 2027 et
1698 1996 1797 2032 vitiis,

1078 2043 1159 2072 unde
1177 2043 1276 2072 locum
1292 2043 1371 2072 hunc
1399 2043 1448 2081 (p.
1464 2042 1535 2082 16.)
1557 2040 1798 2078 exscribereju-

1080 2094 1140 2117 vat.
1156 2085 1424 2127 [διαπολιτεύεσ-θαι
1439 2085 1568 2125 egregie
1581 2095 1599 2114 a
1615 2085 1798 2114 Casaubono

1080 2131 1116 2159 ad
1136 2131 1165 2159 h.
1179 2130 1197 2159 l.
1213 2130 1419 2163 enucleatum,
1436 2129 1507 2158 inde
1520 2128 1725 2168 significatum
1741 2127 1795 2156 ha-

1078 2174 1153 2203 bere
1170 2173 1303 2209 videtur,
1317 2174 1397 2212 quod
1415 2172 1459 2202 διά
1472 2173 1500 2202 in
1512 2171 1736 2212 compositione
1753 2170 1798 2200 si-

1081 2217 1218 2256 gnificet,
1238 2222 1315 2246 certo
1335 2227 1402 2246 cnm
1425 2216 1524 2256 aliquo
1540 2217 1571 2245 z'n
1585 2215 1685 2254 aliqua
1703 2224 1745 2243 re.
1764 2224 1795 2243 v.

1080 2261 1195 2291 AElian.
1211 2260 1252 2289 V.
1270 2260 1313 2290 H.
1339 2262 1370 2289 7.
1395 2262 1424 2290 2.
1451 2259 1710 2299 διαφιλοτιμοῦμοιι
1735 2257 1796 2287 Ca-

1082 2305 1210 2334 saubon.
1230 2304 1269 2333 ad
1291 2304 1402 2333 Athen.
1419 2303 1484 2332 XI.
1502 2305 1555 2333 11.
1601 2302 1715 2331 Portus
1742 2300 1797 2330 Di-

1081 2348 1175 2378 ction.
1190 2347 1297 2377 Doric.
1312 2358 1341 2377 v.
1359 2345 1524 2386 διαείδομαι.
1541 2345 1660 2375 Kuster
1672 2344 1710 2373 ad
1727 2343 1798 2374 Ari-

1081 2392 1182 2430 stoph.
1215 2390 1322 2429 Equit.
1351 2400 1443 2420 versu
1473 2388 1585 2428 1400.]
1624 2389 1704 2418 Haec
1732 2387 1797 2417 ille.

1082 2435 1149 2465 διὰ,
1142 2446 1170 2464 ιη
1188 2433 1337 2473 ejusmodi
1354 2432 1538 2472 compositis
1549 2432 1648 2461 nisum
1660 2430 1711 2461 vel
1726 2441 1797 2470 pro-

1081 2478 1260 2518 pensionem
1277 2478 1310 2507 in
1331 2477 1445 2506 diversa
1467 2476 1592 2506 videtur
1604 2474 1796 2524 significare.

1080 2521 1169 2561 quasi
1184 2522 1266 2551 idem
1284 2521 1323 2550 sit
1339 2524 1429 2559 atque
1443 2518 1513 2561 δίχα
1523 2518 1650 2554 seorsim,
1667 2518 1715 2548 vel
1733 2517 1800 2554 hac,
1828 2520 1831 2521 ⁷

1080 2566 1161 2648 mag.
1160 2606 1216 2646 εἷς’.
1233 2618 1264 2647 p.
1282 2607 1357 2636 260.
1374 2617 1404 2636 v.
1423 2607 1475 2635 10.
1497 2602 1712 2645 ἄποδέδεὶκται]
1737 2605 1797 2634 Be-

1081 2661 1117 2680 ne
1128 2652 1231 2680 habet.
1248 2650 1429 2689 assignatus,
1444 2649 1619 2684 attributus,
1627 2649 1795 2686 permissus,

1076 2695 1264 2733 perscriptus
1278 2698 1339 2722 est.

1125 2748 1156 2776 p.
1171 2739 1246 2767 ⁶261.
1262 2746 1293 2766 v.
1312 2737 1342 2765 2.
1366 2748 1409 2775 μη
1426 2733 1511 2777 λυθῇ]
1546 2733 1614 2764 Nisi
1637 2738 1796 2774 purgetur.

1079 2780 1110 2809 h.
1126 2791 1154 2810 e.
1168 2781 1194 2809 si
1219 2780 1317 2809 minus
1341 2779 1510 2814 evincatur,
1531 2778 1607 2807 illud
1625 2776 1796 2813 decretu'm,

1080 2825 1161 2862 quod
1187 2824 1236 2852 dis
1224 2822 1406 2861 crepantia:
1418 2833 1488 2852 cum
1505 2821 1624 2860 legibus
1640 2824 1796 2860 arguatur,

1080 2877 1147 2896 cum
1173 2867 1295 2906 legibus
1307 2865 1423 2918 optime
1439 2864 1623 2895 consentire.

1122 2910 1200 2951 ibid.
1217 2921 1245 2939 v.
1263 2909 1294 2939 5.
1321 2907 1401 2942 ὅστις
1431 2908 1458 2938 δὲ
1489 2907 1515 2938 ἐν
1535 2908 1594 2948 ——-]
1637 2906 1797 2936 Sententia

1079 2958 1135 2984 est.
1158 2953 1299 2993 quisquis
1327 2957 1427 2982 autem
1452 2952 1482 2982 in
1505 2952 1604 2991 prima
1627 2951 1674 2980 sni
1689 2950 1795 2979 defen-

1079 2995 1164 3027 sione
1192 3007 1248 3027 vos
1278 3000 1368 3035 rogat
1394 3000 1531 3026 vestrum
1556 2993 1748 3032 suflragium,
1766 2993 1793 3022 is

1079 3051 1135 3071 vos
1151 3041 1217 3072 haeo
1232 3044 1331 3079 rogat,
1349 3043 1383 3070 ut
1400 3049 1455 3071 vos
1472 3038 1532 3070 sibi
1549 3037 1654 3069 velitis
1669 3034 1794 3076 reiigio-
