1981 3322
773 189 1109 233 PRAEFATIO.
1651 209 1676 235 v

212 295 540 349 praestantissimi,
570 303 699 336 tamen
729 302 871 347 praeter
896 297 1068 335 Petitum
1098 302 1138 335 et
1159 296 1371 344 valesium,
1401 301 1442 336 et
1470 298 1678 338 novissime

211 359 438 410 Taylorum,
468 365 587 410 atque
615 359 964 410 Hauptmannum*
984 358 1064 396 fere
1086 372 1200 396 nemo
1230 359 1316 406 fuit,
1343 359 1410 409 qui
1431 359 1521 397 huic
1542 362 1677 399 Attico

212 421 337 459 facem
366 421 572 459 admovere
600 420 828 458 studuisset.
848 443 901 448 —
920 420 999 458 Sed
1029 421 1121 458 illuc
1146 420 1277 465 redeo,
1299 421 1402 458 unde
1423 434 1678 461 excesseram.

213 483 407 521 Henricus
430 483 562 533 itaque
583 482 805 533 Stephanus
831 482 870 519 in
898 481 1123 520 recudendo
1146 481 1292 519 Aldiuo
1323 496 1504 533 corpore,
1527 482 1575 520 de
1598 497 1678 534 quo

211 558 316 583 nunc
343 545 481 596 agitur,
509 544 657 595 majore
683 557 775 582 usus
808 550 868 582 est
896 543 974 581 fide
1003 550 1122 594 atque
1150 543 1350 594 religione,
1371 557 1486 595 quam
1507 545 1616 582 Wolf
1640 546 1681 583 in

210 607 408 645 AEschine.
453 607 573 645 Juvat
591 620 612 644 e
632 606 821 656 Stephani
843 605 1075 657 praefatione
1102 606 1152 644 ad
1175 619 1289 644 suum
1317 613 1514 644 oratorum
1536 620 1677 657 corpus

210 668 318 706 locos
339 667 547 706 nonnullos
564 667 639 706 huc
660 667 850 706 facientes
872 674 1060 719 repetere.
1099 668 1308 714 Fortassis,
1331 668 1363 705 si
1382 669 1492 706 locus
1514 669 1677 719 patitur,

209 736 347 782 totam,
363 743 438 768 una
457 742 544 768 cum
566 729 661 767 Aldi
681 730 928 780 praefatione,
944 730 982 767 in
1000 730 1163 768 secundi
1183 730 1391 768 voluminis
1413 731 1522 769 calce
1539 731 1678 770 redde-

207 805 306 829 mus·
354 792 400 830 In
418 791 601 830 AEschine
622 791 817 843 Lysiaque
847 791 1068 843 Stephanus
1098 805 1121 830 a
1149 792 1270 830 codd.
1299 793 1408 830 mstis
1434 792 1615 843 adjutum
1638 808 1679 832 se

206 853 261 891 ait
286 853 391 892 haud
420 866 549 904 pauca
577 853 817 900 emendasse,
850 853 1127 904 ingentemque
1156 854 1256 892 adeo
1283 854 1477 901 lacunam,
1499 868 1588 904 quae
1611 855 1680 892 Al-

207 916 309 954 dinae
340 916 379 953 in
407 916 582 954 oratione
612 916 737 966 Lysiae
768 915 924 954 funebri
955 916 1153 963 insideret,
1189 916 1418 966 explevisse.
1475 917 1546 954 Est
1573 930 1678 954 nuuc

205 991 325 1029 penes
341 991 415 1023 me,
440 976 633 1015 beneficio
654 977 824 1016 Askewii
845 979 893 1016 V.
916 978 977 1023 C„
1000 979 1194 1024 volumen,
1212 992 1291 1028 quo
1310 979 1457 1029 Taylor
1476 978 1565 1016 olim
1585 992 1678 1017 usus

206 1039 295 1078 fuit.
342 1040 534 1078 Volumen
571 1040 647 1078 hoc
682 1053 703 1078 e
738 1039 913 1091 Corpore
947 1040 1186 1089 Stephanico
1224 1040 1415 1087 evulsum,
1452 1041 1676 1080 AEschinem

205 1107 314 1140 tenet
342 1102 478 1148 solum,
499 1114 574 1139 una
595 1115 684 1140 cum
705 1102 819 1140 titulo
844 1102 964 1140 totius
995 1102 1127 1152 operis
1154 1107 1191 1138 et
1221 1101 1451 1152 praefatione
1474 1103 1678 1154 Stephani.

204 1177 285 1214 quo
314 1164 363 1202 de
384 1164 579 1202 volumine
608 1164 861 1215 postmodum
888 1165 1070 1215 pluribus
1098 1164 1242 1203 dicam.
1299 1165 1363 1203 Ad
1401 1165 1510 1203 illum
1541 1166 1676 1217 itaque

203 1227 317 1276 huJus
336 1226 578 1278 praefationis
598 1227 743 1274 locum,
764 1227 831 1265 ubi
861 1228 1082 1279 Stephanus
1102 1228 1170 1278 ait,
1191 1227 1416 1266 AEschinem
1438 1228 1676 1280 Lysiamque

202 1302 225 1327 a
251 1303 290 1326 se
311 1288 418 1327 mstis
443 1302 464 1327 e
484 1288 690 1328 codicibus
711 1289 937 1328 emendatos
957 1295 998 1328 et
1026 1295 1151 1328 sartos
1171 1303 1270 1336 esse,
1296 1304 1385 1328 cum
1407 1290 1589 1329 dominos
1611 1306 1678 1329 eo-

201 1364 286 1388 rum
303 1351 498 1398 codicum,
511 1351 638 1397 sedes,
657 1358 784 1397 notaS,
802 1352 996 1390 internum
1010 1351 1204 1403 cujusque
1219 1353 1404 1400 valorem,
1417 1353 1593 1399 reticeat,
1609 1366 1676 1391 an-

201 1414 351 1451 notavit
369 1414 468 1459 haec,
484 1427 573 1464 quae
589 1413 732 1452 referre
747 1414 863 1464 juvat
877 1414 999 1465 ipsius
1010 1414 1153 1461 verbis,
1165 1414 1327 1466 Taylor‚
1341 1421 1436 1460 tum,
1450 1423 1493 1453 ut
1507 1414 1674 1460 videtur,

201 1476 331 1514 adhuc
345 1475 516 1527 juvenis,
564 1476 743 1528 [Utinam
763 1476 818 1514 ita
837 1476 977 1515 fuisset
996 1483 1171 1527 apertus,
1193 1483 1236 1515 ut
1256 1476 1305 1515 ad
1326 1476 1436 1523 istos,
1459 1490 1559 1527 quos
1590 1478 1675 1515 lau-

200 1538 283 1589 dat,
304 1538 461 1577 codices
477 1538 642 1588 digitum
661 1537 896 1576 intenderet.
937 1539 1015 1576 Sed
1034 1539 1109 1576 hoc
1128 1552 1206 1576 non
1223 1539 1305 1577 sine
1325 1538 1466 1589 insigni
1486 1546 1675 1590 nepotum

201 1599 339 1637 fraude
369 1600 536 1649 majores
564 1598 894 1650 dissimulavere]
944 1600 1023 1637 Sed
1045 1599 1159 1638 facile
1189 1600 1282 1638 huic
1313 1601 1469 1650 quidem
1502 1603 1671 1652 querelae

200 1667 440 1700 occurratur.
497 1661 666 1699 Constat
693 1662 795 1699 enim
826 1661 944 1699 hodie
977 1662 1177 1711 Stephano
1204 1668 1285 1699 tum
1314 1661 1364 1699 ad
1395 1675 1531 1701 manus
1553 1663 1673 1702 fuisse

197 1722 378 1761 codicem
397 1723 519 1768 illum,
542 1735 657 1772 quem
670 1723 819 1773 Taylor
838 1722 1121 1761 Coislinianum
1143 1723 1331 1774 appellat,
1353 1728 1393 1761 et
1413 1737 1530 1762 unum
1553 1731 1673 1776 atque

196 1785 363 1823 alterum
383 1798 431 1823 ex
458 1784 547 1830 illis,
575 1797 675 1834 quos
702 1785 849 1836 Taylor
871 1784 1012 1836 Regios
1033 1786 1221 1836 appellat,
1244 1785 1311 1837 qui
1331 1799 1435 1824 nunc
1454 1787 1609 1825 Parisiis
1632 1789 1672 1826 in

196 1846 434 1885 bibliotheca
468 1846 587 1896 Regis
618 1845 938 1885 Christianissimi
972 1853 1244 1891 asservantur;
1282 1861 1356 1886 nec
1389 1861 1467 1886 non
1502 1849 1672 1888 schedas

195 1908 356 1947 Heni-ici
384 1908 606 1959 Scrimgeri,
635 1908 726 1947 JCti
753 1908 1114 1959 Heidelbergensis,
1136 1909 1295 1947 natione
1325 1911 1450 1962 Scoti,
1477 1911 1528 1948 ab
1562 1911 1670 1949 edito

191 1973 287 2010 Jure
308 1970 498 2009 Orientali
527 1970 620 2009 satis
641 1970 738 2010 noti.
796 1970 962 2009 Schedae
983 1971 1056 2017 hae,
1074 1984 1173 2022 quas
1191 1972 1342 2022 Taylor
1361 1985 1555 2023 nusquam
1576 1975 1672 2011 cita-

192 2033 259 2079 vit,
281 2046 517 2084 quamquam
535 2033 573 2070 in
592 2032 766 2071 editione
783 2032 867 2084 ipse
889 2046 956 2071 sua
979 2039 1082 2071 totas
1099 2034 1324 2084 expromsit,
1341 2038 1401 2084 (p.
1417 2040 1508 2076 723.
1529 2036 1575 2074 T.
1599 2037 1669 2085 11.)

192 2095 345 2146 cujates
365 2095 457 2146 sint,
477 2095 582 2133 unde
603 2094 747 2141 ductae,
771 2095 874 2133 haud
896 2094 1034 2145 liquet.
1055 2108 1194 2145 paucae
1215 2102 1305 2134 sunt
1326 2109 1487 2134 numero
1505 2104 1669 2136 annota-

194 2156 380 2195 tiunculae
399 2156 449 2195 ad
479 2156 675 2195 orationes
701 2157 900 2195 AEschinis
929 2157 968 2194 in
987 2157 1304 2208 Ctesiphontem,
1327 2166 1368 2197 et
1392 2159 1670 2199 Demosthenis

192 2231 264 2269 pro
286 2219 469 2264 Corona3
501 2217 655 2270 farrago
676 2231 696 2256 e
718 2218 1008 2270 suspicionibus
1029 2218 1100 2256 viri
1120 2218 1228 2258 docti
1258 2220 1390 2259 nescio
1411 2221 1526 2272 cujus
1547 2229 1586 2260 et
1612 2223 1668 2261 le-

193 2283 390 2322 ctionibus
423 2283 574 2322 codicis
614 2284 749 2321 nescio
784 2283 876 2321 item
913 2284 1027 2334 cujus
1061 2284 1287 2323 commixta.
1308 2308 1362 2314 -
1382 2286 1515 2336 Pergit
1549 2300 1669 2337 porro

195 2346 420 2397 Stephanus
451 2358 664 2396 exponere,
699 2359 814 2396 quem
844 2345 1040 2383 delectum
1074 2345 1285 2384 lectionum
1316 2347 1356 2384 in
1375 2347 1566 2386 AEschine
1599 2349 1668 2387 ha-

194 2407 335 2454 buerit,
357 2407 460 2445 hunc
480 2413 588 2458 puta,
610 2414 652 2445 ut
671 2407 883 2446 lectionem
904 2406 1105 2454 Aldinam,
1128 2407 1195 2445 ubi
1215 2408 1294 2446 visa
1313 2416 1414 2448 esset
1435 2409 1666 2456 tolerabilis,
1691 2455 1694 2459 ¹

194 2468 232 2506 in
255 2475 363 2507 texto
383 2474 568 2513 servaret,
593 2468 830 2507 variantibus
851 2468 888 2506 iu
910 2469 1122 2519 marginem
1144 2469 1303 2519 rejectis
1321 2485 1331 2519 3
1351 2471 1444 2510 alias
1466 2472 1664 2510 meliorem

191 2531 398 2569 lectionem
411 2530 451 2569 in
466 2537 575 2569 texto
595 2531 724 2569 statim
745 2537 1062 2582 repraesentaret,
1077 2531 1217 2570 vinosa
1233 2532 1376 2570 Aldina
1398 2533 1435 2570 in
1454 2534 1665 2583 marginem

194 2593 365 2644 relegata
379 2606 467 2631 cum
488 2592 691 2644 adscripto
710 2593 763 2632 Π.
783 2593 828 2631 Γ.
848 2593 909 2632 vel
928 2611 991 2646 πρ.
1013 2611 1074 2646 γρ.
1097 2594 1172 2632 hoc
1192 2601 1250 2632 est
1272 2597 1448 2647 πρότερον
1467 2601 1665 2649 γράφεται.

194 2655 268 2692 Vel
289 2654 344 2693 sic
360 2661 503 2701 tamen,
525 2661 565 2692 et
582 2655 621 2692 in
638 2655 835 2702 AEschine,
857 2662 898 2694 et
914 2655 953 2693 in
973 2656 1103 2707 Lysia,
1122 2658 1350 2707 superstites
1368 2659 1555 2697 mansisse
1576 2673 1666 2711 per-

194 2716 338 2754 multos
357 2716 465 2755 locos
484 2716 778 2763 inemendatos;
799 2717 838 2755 in
859 2717 1020 2768 reliquis
1039 2724 1170 2756 autem
1193 2719 1414 2757 oratoribus
1435 2719 1563 2758 facere
1586 2734 1663 2758 non

191 2778 380 2831 potuisse,
396 2778 492 2830 quin
509 2779 633 2817 multo
649 2778 766 2817 etiam
786 2780 920 2830 plures
937 2780 975 2818 in
994 2780 1135 2819 mendo
1157 2780 1396 2830 relinqueret
1414 2781 1535 2829 locos,
1556 2783 1664 2833 quod

235 2856 254 2876 ³
278 2857 375 2895 cajus
390 2857 494 2887 multae
507 2867 604 2897 penes
619 2867 668 2887 me
685 2861 770 2893 sunt,
782 2857 882 2897 ipsius
892 2857 1057 2895 beneficio,
1073 2859 1206 2895 schedm,
1218 2859 1255 2888 ad
1274 2859 1477 2897 Andocidem,
1493 2862 1666 2901 Antiphon-

194 2903 268 2935 tem,
297 2899 441 2939 Gorgiam
467 2905 500 2930 et
524 2902 692 2930 Demadem
718 2902 921 2940 pertinenteS,
949 2903 1038 2932 Gcrae
1064 2902 1187 2942 quidem
1215 2902 1300 2941 typis
1324 2913 1459 2938 excusae,
1484 2906 1537 2934 sed
1570 2906 1663 2935 saum!

194 2943 367 3016 chargnnm
380 2943 555 2982 hujusmodi
571 2944 647 2986 ipsae
665 2955 786 2985 quoque
805 2950 954 2987 expertam.
999 2946 1174 2977 Paucorum
1198 2944 1229 2976 iu
1252 2957 1359 2977 manus
1385 2948 1487 2980 venire
1506 2949 1617 2986 solent,
1636 2955 1664 2979 ct

192 2991 254 3017 cuo
294 2995 441 3026 isparere.
