1916 3340
342 230 427 274 374
466 227 790 272 PRAEFATIO
820 228 905 271 AD
939 226 1204 271 SCHOLIA
1235 226 1300 271 IN
1331 228 1686 273 AESCHINEM.

343 336 517 376 Scholiis
536 337 704 384 diversa,
724 341 766 376 et
783 349 871 376 raro
889 349 980 375 cum
999 335 1075 375 illis
1092 335 1391 378 consentientia.
1445 336 1605 376 Scholia
1623 351 1646 378 e
1663 337 1801 378 codice

342 398 532 437 Bernardi
549 398 756 450 depromta
775 397 952 449 insignivi
971 397 1083 437 litera
1103 399 1150 446 B,
1170 412 1192 438 e
1217 398 1439 446 Meadiano,
1456 399 1514 438 M.
1545 399 1717 451 [Quibus
1735 399 1803 439 ad-

340 459 413 498 das
431 460 545 498 velim
566 460 723 499 Scholia
749 460 787 498 in
813 459 1030 498 orationem
1056 460 1381 513 Ctesiphonteam
1401 475 1422 500 e
1441 461 1646 502 codicibus
1662 460 1803 500 Parisi-

343 523 404 561 nis
431 536 454 562 a
480 523 661 562 Bekkero
686 523 894 574 exscripta,
913 529 952 562 et
972 536 1007 564 a.
1027 527 1146 564 1815.
1176 525 1288 564 Halis
1319 526 1516 565 Saxonum
1546 525 1665 573 edita,
1694 525 1804 565 litera

341 584 387 624 P.
409 585 593 637 signata]

395 647 449 685 Hi
482 653 570 685 sunt
598 647 740 693 fontes,
768 660 789 685 e
813 647 955 697 quibus
975 661 1079 688 nunc
1100 648 1210 688 istaec
1230 649 1380 689 scholia
1397 650 1436 688 in
1454 649 1656 702 publicum
1676 651 1800 701 quali-

343 723 499 761 cunque
516 710 730 748 ministerio
745 722 833 748 meo
847 718 1040 750 emanant.
1071 712 1182 756 Quos
1202 712 1332 752 fontes
1348 713 1417 765 qui
1433 713 1525 752 mihi
1543 712 1801 760 recluserunt,

341 772 458 811 amici
478 772 689 818 lectissimi,
711 771 760 810 de
780 785 841 810 me
862 773 1008 824 pariter
1024 779 1063 812 et
1081 773 1130 812 de
1150 774 1271 813 literis
1289 776 1440 827 egregie
1456 775 1658 827 meritique
1677 781 1718 814 et
1731 775 1800 813 im-

341 839 538 884 posterum
561 834 745 880 meritmi,
766 835 909 884 gratias
928 835 990 881 iis,
1012 849 1110 886 quas
1131 836 1206 875 hoc
1226 837 1380 877 nomine
1401 838 1541 886 debeo,
1559 852 1634 890 ago
1655 838 1801 877 habeo-

342 909 417 947 que
438 908 536 946 quas
555 908 711 946 possum
734 898 920 935 maximas
939 904 978 936 et
998 898 1335 941 luculentissimas.

629 1300 929 1355 INDEX
986 1299 1507 1355 AUCTORUM

396 1432 460 1474 IN
501 1433 781 1475 scfloffls
818 1433 902 1474 AD
935 1432 1276 1475 AEscfflNEM
1317 1431 1740 1482 LAUDATORUM

542 1553 595 1577 AD
617 1553 702 1578 PAG.
717 1553 776 1579 ΕΙ).
791 1553 911 1579 HENR.
924 1551 1127 1583 STEPHANI,
1145 1551 1168 1576 Α
1187 1550 1368 1576 TAYLORO
1389 1531 1593 1576 CouDITUS.

338 1732 569 1763 AESGHINES
588 1736 641 1769 27,
658 1739 760 1774 antep.
1087 1731 1279 1770 Hermippus
1294 1734 1347 1767 28,
1359 1734 1390 1763 3.

338 1777 516 1806 Andocides
534 1779 586 1813 14,
603 1779 656 1809 39.
1088 1775 1270 1815 Hyperides
1287 1777 1341 1811 29,
1355 1776 1406 1805 14.

338 1820 357 1837 Ἰ*
372 1820 594 1858 Aristophanes
611 1824 664 1858 27,
679 1824 709 1851 4.
1087 1820 1242 1848 isocrates
1257 1820 1289 1854 5,
1305 1821 1336 1848 ¹7.

338 1863 484 1892 Caecilius
501 1867 552 1899 28,
566 1866 597 1894 3.
1088 1862 1247 1900 Lycurgus
1263 1864 1315 1897 27,
1329 1863 1383 1892 33.

338 1905 544 1936 Callimachus
561 1909 614 1942 26,
631 1910 661 1938 6.
1077 1905 1289 1939 ,Marcellinus
1305 1907 1358 1941 29,
1370 1907 1402 1936 3.

339 1949 520 1979 Demetrius
536 1950 706 1980 Phalereus
722 1954 775 1986 28,
789 1952 820 1981 3.
1086 1948 1284 1987 Thucydides
1299 1949 1317 1967 ‘⁵
1334 1949 1366 1985 5,
1379 1951 1410 1978 3.
1427 1949 1480 1983 32,
1496 1949 1547 1978 16.

339 1993 564 2023 Demosthenes
581 1997 613 2029 4,
630 1996 682 2024 27.
699 1996 751 2029 22,
767 1996 818 2025 31.
832 1995 884 2029 29,
902 1994 954 2024 25.
1086 1991 1222 2020 Timaeus
1239 1993 1293 2027 99,
1308 1993 1361 2022 93·

339 2036 514 2066 Dinarchus
531 2038 584 2072 26,
599 2039 652 2068 16.
1086 2034 1241 2073 Ulpianus
1256 2034 1286 2064 in
1302 2034 1541 2064 Demosthenem
1555 2037 1609 2071 28,
1622 2036 1675 2065 20.

380 2120 427 2149 Ad
445 2120 688 2149 Commentarios
699 2120 766 2160 ipse
779 2121 949 2151 Scholiasta
965 2130 1037 2150 suos
1049 2120 1087 2150 ad
1104 2121 1341 2150 Demosthenem
1357 2124 1507 2158 provocat
1520 2131 1548 2159 p.
1562 2123 1614 2156 28,
1627 2123 1659 2151 3.
1675 2118 1798 2159 ἔγνωμεν

336 2162 384 2192 καὶ
401 2164 486 2192 τοῦτο
501 2162 527 2192 ἐν
542 2164 601 2197 τοῖς
614 2163 850 2203 Δημοσθενικαῖς,
864 2170 894 2194 et
908 2165 998 2204 paulo
1015 2169 1089 2203 post
1101 2164 1137 2198 ὡς
1153 2163 1202 2192 καὶ
1217 2163 1303 2193 τοῦτο
1319 2162 1442 2203 ἔγνωμεν
1456 2162 1482 2193 ἔν
1498 2162 1541 2202 τῷ
1552 2163 1629 2204 ὑπὲρ
1641 2164 1794 2202 Στεφάνου.

337 2217 414 2244 quos
428 2207 464 2235 ad
481 2207 567 2236 locos
580 2207 694 2246 Taylor
709 2208 738 2237 in
754 2208 954 2238 Adversariis
966 2208 1032 2237 haec
1047 2207 1222 2237 annotavit:
1247 2210 1269 2223 “
1280 2207 1377 2245 Quasi
1392 2212 1555 2237 annotasset
1570 2207 1651 2237 idem
1661 2207 1798 2237 Scholia-

337 2254 400 2279 stes
420 2251 533 2281 Noster
549 2251 587 2280 ad
601 2252 852 2281 Demosthenem.
898 2252 1004 2290 Neque
1020 2251 1138 2280 interea
1153 2255 1199 2281 est
1216 2250 1376 2289 Ulpianus.
1423 2251 1501 2280 Nam
1518 2250 1683 2289 Ulpianum
1699 2249 1731 2280 in
1748 2260 1797 2280 se·

338 2293 500 2332 quentibus
513 2294 651 2324 laudat.¹’
695 2294 863 2325 Asteriscis
877 2300 997 2325 notatos
1010 2305 1068 2334 ego
1081 2294 1200 2331 addidi,
1212 2304 1230 2324 a
1243 2294 1376 2334 Tayloro
1391 2293 1574 2333 praeteritos.
