1899 3322
425 185 512 228 AD
545 184 643 228 OR.
676 184 741 227 IN
773 183 1271 240 CTESIPHONTEM.

109 285 180 308 nem
191 275 290 308 vestri
299 275 502 318 jurisjurandi
523 278 696 308 condonare
710 281 742 308 et
757 287 830 318 pro-

110 321 197 356 dere,
213 325 245 350 et
259 321 364 360 legum
380 322 499 352 veniam
511 321 627 356 facere,
639 331 785 360 suamque
798 320 829 350 in

109 363 239 403 gratiam
255 363 333 394 ritus
356 365 476 404 patrios
500 365 735 403 libertatemque
751 365 829 394 civi-

107 407 168 436 lem
186 407 306 438 tollere.
321 407 402 448 ἕξιιον,
418 413 450 440 et
461 409 593 448 reliqua,
608 409 710 443 αἰτεῖν,
722 413 769 437 est
779 418 828 437 ro-

106 460 181 489 gare
204 451 354 489 judicem,
379 457 414 483 ut
437 452 498 483 sibi
516 450 756 494 καταχαςίζηται
782 450 829 481 τὸν

104 492 187 534 ὅρκον,
199 495 414 534 jusjurandum
430 506 448 525 a
465 507 498 526 se
514 496 630 526 dictum
646 496 686 525 de
702 505 828 525 servan-

105 538 150 567 do
168 537 240 576 jure
256 548 345 578 aequo
367 539 552 579 tuendisque
575 539 710 578 legibus,
731 539 829 569 violet

105 579 137 610 in
152 581 279 620 gratiam
296 583 446 622 rogantiS.
460 584 474 614 ἧ
487 583 584 624 πρώτη
596 581 690 623 ψῆφος
701 587 749 612 est
765 583 826 612 suf-

104 623 236 663 fragium
261 625 337 655 illud
358 627 442 666 quod
469 626 621 663 decernit,
651 627 730 656 sitne
756 636 827 656 reus

105 676 190 702 sons,
213 677 252 697 an
275 668 392 706 insons,
416 669 626 700 absolvendus
650 680 687 700 an
713 670 827 700 conde-

103 710 267 741 mnandus.
290 713 361 750 Quo
372 713 398 742 si
413 713 679 749 condemnaretur,
690 718 755 742 tum
770 713 826 743 ite-

103 763 170 783 rum
185 754 289 784 ibatur
299 755 330 784 in
344 755 502 795 suffragia.
518 766 587 795 quae
604 760 671 786 erat
688 757 701 787 »ἒ
713 755 827 797 δευτέρα,

102 795 208 836 ψῆφος,
223 798 238 828 ἧ
253 796 387 838 τίμησις,
401 809 462 839 qua
478 810 532 829 seu
549 800 667 830 mulcta
681 800 827 838 pecunia-

103 839 161 876 ria,
178 850 233 870 seu
250 851 344 880 poena
358 842 501 882 corporis
518 842 561 872 sit
576 842 768 873 afficiendus.

145 882 225 913 ibid.
238 894 269 914 v.
282 886 312 915 9.
327 885 487 926 διενεγκεῖν]
512 887 599 916 Bene
616 887 717 916 habet.
733 886 778 916 διὰ
794 885 825 916 in

100 925 160 956 hac
178 927 406 966 compositione
422 929 575 969 significat
597 928 630 959 τὸ
651 930 776 965 viritim,
792 933 826 960 ut

101 970 313 1011 unusquisque
340 971 499 1012 sigillatim
523 983 616 1004 suum
645 973 825 1013 suffragium

100 1012 131 1043 in
145 1013 289 1044 cistulam
305 1014 462 1055 injiceret.

143 1056 171 1097 §.
195 1056 251 1097 ξζ.
274 1068 307 1097 p.
329 1061 405 1089 261.
432 1070 463 1090 v.
486 1061 540 1090 20.
562 1057 596 1090 τό
619 1057 826 1103 «theman—J

99 1099 208 1131 Verba
221 1101 272 1131 καὶ
285 1100 320 1132 τὸ
334 1100 482 1144 ψήφισμα
496 1103 546 1133 καὶ
558 1104 581 1134 οἳ
595 1102 673 1143 νόμοι
687 1109 757 1134 sunt
771 1115 826 1134 ex-

99 1144 218 1183 positio
233 1146 379 1176 vocabuli
394 1145 428 1176 τὸ
443 1144 570 1177 σανίδιον.
602 1147 731 1177 Solebat
744 1148 827 1177 enim

99 1186 132 1217 in
155 1188 235 1224 foro,
256 1199 361 1219 coram
377 1190 518 1229 judicum
545 1200 707 1226 consessu,
724 1190 827 1230 lignea

97 1231 251 1271 suspendi
267 1232 384 1267 tabula.
406 1233 459 1263 cui
473 1230 625 1273 inscripta
639 1238 743 1264 essent
760 1234 826 1264 haec

96 1273 173 1304 duo.
194 1274 232 1314 1)
248 1275 417 1313 decretum,
430 1276 513 1316 quod
529 1275 698 1317 παρανόμων
713 1287 824 1316 argue-

95 1322 193 1349 retur.
208 1317 245 1360 Q)
259 1319 358 1359 leges,
372 1330 441 1359 quae
457 1320 506 1350 illi
521 1320 648 1350 decreto
664 1320 825 1351 adversari

95 1361 288 1399 viderentur,
307 1373 376 1402 quae
399 1364 498 1404 legeS,
519 1364 602 1403 quod
617 1364 656 1394 ad
672 1364 752 1394 latus
769 1364 824 1394 de-

95 1405 176 1435 creti
192 1406 413 1444 scriberentur,
424 1407 498 1438 ideo
509 1407 657 1438 dicuntur
666 1407 745 1448 νόμοι
757 1418 824 1438 ωα-

95 1448 341 1490 ςαγεγρσιμμένοι.

139 1492 166 1531 §.
187 1492 232 1532 ξῆ.
252 1503 286 1532 p.
310 1494 386 1524 262.
410 1503 444 1525 v.
465 1495 517 1524 16.
541 1492 677 1536 καλέσοι]
701 1492 825 1524 Καλέσω

95 1534 189 1566 MSS.
207 1546 276 1575 quae
293 1535 387 1567 lectio
409 1537 437 1567 si
458 1548 534 1568 vera
555 1542 615 1573 est,
637 1542 672 1567 ut
687 1537 825 1574 videtur,

94 1588 225 1609 necesse
243 1584 302 1617 est,
321 1580 504 1611 AEschinem
524 1581 663 1617 dedisse,
683 1580 705 1611 εἰ
723 1580 824 1614 Βούλε-

96 1619 162 1659 σθε,
177 1621 306 1654 καλέσω.

138 1665 218 1696 ibid.
236 1677 266 1697 v.
279 1677 352 1707 pen.
367 1666 448 1708 δ’νπες
462 1665 602 1709 κᾷγῶ-]
621 1666 822 1698 Tutissimum

94 1707 172 1738 mihi
201 1710 304 1741 visum
327 1711 385 1741 fuit
413 1711 444 1741 in
472 1711 601 1751 ancipiti
627 1711 708 1747 loco,
731 1711 822 1753 cujus

94 1753 279 1784 emendandi
306 1755 413 1795 plures
443 1759 583 1794 paterent
613 1754 686 1790 viae,
713 1765 820 1785 omnes

93 1796 226 1840 perinde
241 1801 273 1828 et
287 1798 458 1829 commodae
474 1804 506 1829 et
522 1797 750 1829 controversiae
765 1800 820 1829 ob-

92 1839 211 1877 noxiae,
233 1840 399 1872 lectionem
421 1846 454 1872 et
475 1841 635 1872 Meadiani
651 1842 771 1873 codicis
788 1847 820 1872 et

92 1882 277 1915 Aldinorum
293 1885 476 1916 auctoritate
490 1886 640 1916 munitam
660 1896 819 1922 revocare,

92 1926 144 1956 cui
160 1927 243 1958 aliud
265 1928 341 1959 nihil
362 1929 461 1966 deest,
477 1939 568 1969 quam
584 1929 745 1971 φυλάττων
765 1934 820 1959 aut

92 1969 193 2001 simile
219 1973 375 2012 quoddam
399 1972 614 2013 participium,
637 1977 713 2012 post
735 1971 819 2014 κᾷγῶ

89 2012 300 2047 inserendum.
317 2017 357 2046 ael
369 2017 511 2046 rationem
526 2016 625 2051 illam,
645 2027 733 2056 quam
752 2026 819 2057 ego-

90 2062 150 2087 met
162 2057 224 2096 ipse
238 2068 349 2099 quoque
362 2068 488 2095 servans,
501 2059 543 2088 sic
550 2058 654 2100 ferme
666 2064 818 2089 accusato-

90 2101 134 2130 ris
147 2106 246 2140 partes
259 2103 317 2143 egi.
360 2102 542 2141 Speciosam
561 2102 644 2132 haud
659 2101 817 2132 infitiabor

91 2152 162 2173 esse
176 2146 386 2184 conjecturam
404 2155 459 2175 seu
477 2144 637 2184 Stephani,
647 2154 700 2174 seu
717 2145 816 2182 Scali-

90 2186 170 2225 geri,
186 2198 242 2218 seu
258 2189 428 2225 amborum,
450 2189 491 2218 de
513 2199 575 2228 quo
597 2198 659 2218 non
681 2192 814 2218 constat.

90 2230 194 2261 Miror
216 2235 318 2262 tamcu
341 2232 402 2262 hoc
426 2232 605 2271 Taylorum,
626 2231 680 2271 qui
699 2236 816 2271 praeter

89 2283 208 2305 morem
231 2285 322 2306 suum
344 2275 580 2315 intemperantia
594 2276 726 2315 quadam
749 2276 815 2306 lau-

90 2316 164 2348 dum
180 2323 212 2348 et
225 2318 349 2350 insolita
367 2329 513 2350 assensus
529 2319 728 2350 festinatione
744 2319 815 2349 Ste-

87 2361 223 2400 phanum
236 2362 450 2402 prosequitur,
463 2364 543 2402 quod
555 2363 661 2402 sugere
670 2362 815 2402 profecto

90 2413 149 2434 non
165 2405 310 2443 debebat,
322 2406 451 2446 fugisse,
466 2407 589 2437 tametsi
604 2407 815 2445 conjecturam

89 2447 170 2478 hano
186 2450 238 2480 vel
256 2449 391 2480 maxime
407 2451 536 2490 probes,
551 2449 652 2480 adhuc
667 2454 768 2479 tamen
785 2451 815 2480 ei

89 2491 209 2531 aliquid
231 2493 271 2523 ad
300 2493 559 2533 complementum
583 2494 706 2529 deesse,
732 2495 815 2533 quod

90 2535 171 2567 bene
191 2536 289 2567 sensit
310 2537 451 2577 Scaliger
475 2537 506 2567 in
533 2537 729 2567 Bernardino
759 2548 815 2567 ex-

91 2580 195 2619 emplo
211 2580 329 2611 addens
350 2577 413 2611 οἶδε.
434 2580 485 2611 vel
503 2581 588 2621 quod
611 2590 671 2620 ego
691 2581 814 2621 quidem

91 2623 195 2654 malim
215 2620 268 2654 ὧδέ
292 2634 372 2660 ωως.
411 2624 495 2655 Audi
516 2625 622 2660 modo,
641 2628 673 2654 et
695 2635 814 2665 expen-

90 2665 142 2696 de.
171 2667 416 2707 quemadmodum
443 2678 495 2709 ego
521 2678 633 2709 quoque
669 2670 814 2699 accusavi.

92 2707 160 2750 Ego
183 2720 249 2741 vero
269 2712 407 2752 quomodo
430 2713 592 2742 accusavi?
624 2712 694 2743 Jam
713 2713 814 2749 deest,

90 2753 174 2792 quod
189 2764 279 2784 nemo
290 2754 416 2795 negabit
427 2765 497 2786 esse
508 2756 687 2786 necessario
698 2757 814 2787 adden-

91 2795 177 2832 dum,
206 2797 382 2838 quicunque
417 2809 484 2829 cum
523 2799 681 2840 Stephano
711 2800 813 2830 faciat.

93 2838 141 2869 Sic
144 2838 256 2880 ferme
278 2842 355 2872 Tam
369 2842 467 2872 multa
478 2846 580 2873 autem
592 2848 712 2874 mutare
725 2847 756 2874 et
766 2854 814 2873 as-

92 2890 183 2913 suere
197 2888 291 2924 atque
309 2894 460 2925 oggerere
475 2886 664 2922 auctoribus.
680 2886 814 2918 auctori-

90 2928 154 2956 tate
167 2931 284 2965 nostra,
296 2927 364 2959 sine
377 2928 526 2969 suffragio
536 2929 692 2969 codicum,
703 2940 814 2962 vereor

91 2978 130 2999 ne
145 2970 248 3001 audax
262 2974 296 3001 et
309 2971 509 3004 criminosum
523 2973 576 3005 sit.

135 3011 164 3051 §.
182 3011 242 3053 ξδ’.
258 3024 293 3055 p.
309 3016 384 3048 263.
405 3026 438 3048 v.
453 3020 596 3058 antepen.
620 3016 686 3058 mei
699 3018 754 3049 τῶν
769 3016 814 3049 δη·

95 3064 173 3088 νοι..
189 3066 213 3088 x.

1476 171 1583 226 361

864 273 973 316 μοσῖων
983 275 1169 316 ἀδικημάτων
1181 275 1273 317 λέγω]
1289 275 1448 317 Quicquid
1460 277 1510 308 hic
1520 280 1588 310 fue·

864 320 905 350 rit
920 319 994 350 olim
1010 320 1112 356 dubii,
1132 320 1165 349 id
1186 320 1409 360 interponendo
1433 329 1584 353 commate

863 363 986 400 sustuli,
1000 369 1142 403 tanquam
1154 364 1216 393 duo
1227 369 1384 403 postrema
1394 366 1544 396 vocabula
1553 367 1583 395 in

862 407 1038 446 parenthesi
1055 407 1158 447 posita
1181 408 1242 437 sint
1259 408 1295 436 cle
1309 407 1433 446 publicis
1447 410 1585 450 (injuriis

861 450 1011 492 inquam).
1032 452 1110 481 Nam
1125 461 1194 480 cum
1209 449 1351 490 δημοσίων
1363 451 1509 488 dixisset,
1526 463 1584 492 po-

862 499 942 524 terat
963 494 1056 525 alicui
1077 494 1262 535 πραγμάτων
1283 494 1334 524 vel
1358 496 1585 535 πολιτευμάτων

862 548 1052 568 succurrere.
1092 539 1206 568 Orator
1221 542 1322 567 autem
1339 538 1396 567 hoc
1414 539 1584 577 defugiens,

861 592 1048 621 cavensque,
1060 592 1097 612 ne
1114 582 1183 621 quis
1195 581 1225 610 in
1242 580 1416 620 supplenda
1432 583 1585 612 sententia

861 630 955 661 erret,
971 625 1070 660 addit,
1086 625 1275 666 ἀδικημάτων
1289 622 1375 662 λέγω.
1395 625 1491 654 veluti
1512 626 1585 654 dili-

862 673 968 707 genter
983 669 1143 698 declarans
1165 673 1299 699 mentem
1317 677 1413 702 suam,
1427 668 1584 708 certisque

861 711 972 741 finibus
987 712 1135 742 ambitum
1159 714 1225 752 ejus
1248 711 1519 747 circumscribens,
1545 712 1584 741 de

861 755 1097 795 significatione,
1123 766 1184 795 qua
1221 754 1409 786 vocabulum
1445 754 1586 794 δημοσίων

860 798 891 828 h.
904 799 924 828 l.
937 804 1100 840 acceptum
1114 799 1202 830 velit.

903 841 930 882 ᾗ.
948 842 972 872 ὁ.
984 853 1015 882 p.
1027 845 1103 874 264.
1120 853 1150 873 v.
1167 846 1197 873 1.
1212 840 1354 882 μέγιστον
1374 839 1466 881 λέγω]
1484 841 1586 872 Inter-

860 885 934 924 poni
948 886 1040 916 velim
1057 882 1103 916 ὧν.
1118 886 1325 927 gravissimum
1339 895 1452 921 eorum,
1462 896 1524 926 ‹111ae
1534 896 1586 914 ar-

857 939 931 969 guo.
942 929 1010 960 scil.
1023 929 1068 967 τὸ,
1079 930 1115 964 ὡς
1125 928 1184 960 οὐδὲ
1194 929 1271 969 ἄξιος
1282 947 1324 952 -
1333 929 1409 969 quad
1427 939 1461 959 ne
1475 929 1586 970 dignus

860 973 974 1012 quidem
990 974 1029 1004 sit
1049 983 1179 1004 munere.
1199 970 1415 1011 ἀπολογεῖσθαί
1429 984 1460 1002 τι
1481 977 1586 1011 potest

860 1026 920 1045 non
937 1017 1037 1047 solum
1053 1017 1114 1047 hoc
1129 1017 1314 1057 significare,
1327 1016 1458 1046 oratione
1470 1026 1586 1057 purga-

859 1069 893 1089 re
913 1066 942 1090 et
963 1061 1126 1097 vindicare,
1150 1061 1204 1090 sed
1221 1060 1312 1090 etiam
1328 1070 1347 1088 a
1362 1069 1390 1089 se
1405 1060 1533 1089 amoliri.
1549 1063 1586 1089 ut

860 1103 1003 1134 Latinum
1025 1103 1193 1146 defendere,
1214 1114 1272 1134 non
1290 1103 1485 1133 solummodo
1503 1102 1586 1133 tueri

860 1151 952 1186 atque
964 1158 1163 1184 conservare,
1177 1148 1233 1178 sed
1246 1146 1336 1177 etiam
1353 1156 1457 1176 arcere
1471 1150 1586 1185 etpro-

859 1189 966 1230 fligare
976 1191 1142 1231 significat,
1158 1190 1315 1232 defendere
1329 1189 1429 1225 hostes,
1441 1189 1511 1225 tela,
1522 1197 1583 1220 etc.

903 1234 980 1264 ibid.
1003 1245 1033 1264 v.
1057 1236 1087 1265 6.
1110 1233 1263 1275 βούλεται]
1289 1234 1376 1263 Bene
1403 1233 1528 1268 habere,
1553 1236 1586 1263 et

858 1277 1012 1308 sententia
1037 1281 1182 1314 testatur,
1207 1282 1238 1308 et
1262 1287 1374 1308 versus
1398 1279 1429 1308 8.
1455 1275 1510 1306 nbi
1535 1286 1585 1307 re-

858 1319 967 1350 currit.

900 1363 980 1394 ibid.
999 1375 1028 1395 v.
1045 1366 1097 1395 12.
1112 1362 1244 1405 πόλεως]
1270 1365 1349 1394 Post
1370 1361 1439 1404 ὑπὲρ
1458 1363 1510 1397 τῆς
1531 1361 1584 1393 πό-

857 1412 930 1442 λεως
948 1408 1074 1438 videtur
1088 1406 1300 1449 διαμαχόμενοι
1315 1407 1366 1437 vel
1382 1405 1484 1437 simile
1507 1406 1583 1446 quid

857 1450 981 1480 deesse.
1003 1460 1061 1487 υοε,
1084 1452 1135 1491 qui
1154 1461 1211 1490 pro
1231 1461 1294 1490 rep.
1317 1451 1472 1491 pugnatis,
1493 1451 1583 1481 etiam

857 1494 894 1523 (Ie
909 1495 1012 1524 ordine
1025 1503 1126 1524 rerum
1141 1494 1336 1525 dicendarum
1349 1498 1496 1534 pugnate.

900 1537 979 1567 ibid.
1001 1548 1032 1568 v.
1050 1539 1102 1568 13.
1119 1536 1204 1569 αὐτόν
1218 1536 1288 1578 ἔξω]
1317 1536 1582 1576 Interponendum
1596 1568 1602 1573 ἱ

856 1584 935 1619 puto
951 1581 989 1615 εἰς
1003 1579 1079 1615 τούς.
1101 1582 1184 1621 quod
1201 1581 1255 1610 dat
1270 1580 1402 1611 Plinius.
1423 1579 1476 1610 cui
1492 1580 1583 1610 deest

855 1623 921 1662 ἔξω.
945 1624 1008 1656 Sed
1024 1629 1189 1663 utrumque
1204 1624 1381 1663 copulatum
1395 1623 1517 1663 plenam
1529 1623 1583 1653 dat

857 1667 1040 1698 sententiam
1064 1672 1097 1698 et
1121 1678 1226 1697 veram
1248 1667 1378 1697 oratoris
1399 1676 1532 1697 manum.
1548 1667 1581 1696 in

855 1721 901 1741 res
925 1722 944 1741 a
967 1721 1058 1742 causa
1079 1711 1195 1742 alienas
1213 1711 1406 1753 extravagari
1436 1712 1469 1740 in
1491 1711 1582 1751 iisque

854 1764 1040 1785 commoram-

898 1798 976 1828 ibid.
999 1809 1029 1828 v.
1046 1808 1119 1837 pen.
1134 1797 1174 1832 εἷς
1189 1797 1255 1831 τοὺς
1271 1797 1322 1827 τοῦ
1341 1797 1519 1838 πξάγματος
1534 1795 1581 1826 λό-

853 1841 935 1882 γους]
961 1843 1046 1872 Bene
1068 1842 1173 1872 habet.
1194 1840 1207 1870 ὅ
1225 1841 1277 1870 τοῦ
1299 1841 1476 1882 πράγματος
1499 1839 1581 1878 λόγος

854 1885 938 1915 idem
953 1890 1003 1916 est
1018 1890 1110 1924 atque
1134 1885 1146 1914 ὅ
1164 1884 1227 1925 mg}
1242 1885 1292 1914 τοῦ
1309 1895 1367 1925 wg.
1383 1890 1413 1914 λ.
1428 1883 1516 1923 quasi
1533 1884 1580 1913 di-

854 1928 958 1959 xisset
972 1929 1006 1959 τὸ
1023 1927 1114 1967 λέγειν
1127 1927 1162 1959 τὸ
1185 1929 1313 1969 πρᾶγμα
1332 1926 1414 1958 αὐτό.
1458 1928 1495 1956 In
1518 1926 1580 1957 alio

854 1972 980 2011 quidem
1003 1976 1130 2003 auctore
1152 1972 1214 2013 περὶ
1238 1971 1345 2011 utique
1361 1971 1577 2011 amplecterer.

854 2016 980 2046 Crebris
994 2015 1212 2046 iterationibus
1230 2015 1395 2045 eorundem
1412 2014 1577 2044 vocabulo-

852 2069 932 2097 rum,
949 2060 1030 2099 quod
1047 2059 1162 2098 Taylor
1178 2058 1357 2093 offenditur,
1378 2057 1474 2087 miror
1490 2057 1578 2097 equi-

851 2102 933 2132 dem.
959 2104 1089 2132 Poterat
1105 2106 1207 2132 tamen
1225 2101 1273 2130 vel
1285 2101 1436 2131 mediocri
1452 2100 1578 2130 AEschi-

850 2145 900 2174 nis
923 2155 981 2176 usu
1005 2144 1167 2181 didicisse,
1188 2154 1259 2174 eum
1282 2143 1346 2174 illis
1372 2144 1464 2174 etiam
1492 2143 1577 2173 dele-

849 2188 939 2219 ctari-

894 2231 920 2271 ᾗ.
934 2231 977 2262 σά.
994 2241 1024 2270 p.
1035 2232 1110 2262 265.
1126 2242 1155 2262 v.
1168 2234 1197 2261 1.
1214 2231 1312 2261 τοῦτον
1326 2228 1372 2260 τὸν
1382 2229 1497 2270 τρόπον]
1514 2230 1576 2260 Cu—

845 2275 899 2314 jus
916 2285 974 2314 ego
992 2274 1083 2305 vobis
1105 2279 1213 2305 auctor
1236 2285 1314 2304 sum.
1337 2276 1380 2314 μὴ
1401 2274 1519 2308 addidi,
1542 2284 1575 2303 re

849 2318 921 2357 ipsa
938 2318 973 2348 id
987 2318 1147 2358 exigente,
1168 2328 1227 2348 non
1251 2318 1436 2348 auctoritate
1453 2317 1575 2347 codicis

851 2361 1034 2392 Bernardiui
1051 2367 1166 2397 motus,
1181 2373 1249 2401 quae
1270 2372 1366 2401 penes
1382 2372 1430 2391 me
1447 2361 1573 2400 quidem

850 2416 962 2445 magua
976 2416 1034 2436 non
1051 2409 1109 2435 est.
1140 2406 1239 2444 Cujus
1251 2405 1402 2435 lectiones
1416 2404 1573 2443 pleraeque

850 2451 1037 2490 conjecturae
1054 2449 1116 2480 sint
1133 2449 1294 2487 Scaliger-i,
1305 2454 1357 2479 aut
1368 2448 1474 2478 nescio
1487 2458 1522 2477 an
1535 2458 1573 2477 ne

849 2494 942 2532 hujus
965 2493 1103 2532 quidem.
1141 2493 1291 2532 Suspicor
1317 2492 1408 2526 enim,
1435 2491 1574 2528 Scalige-

849 2547 929 2573 rum,
951 2537 1050 2567 adbuc
1068 2538 1227 2576 juvenem,
1252 2547 1311 2566 nna
1335 2545 1404 2564 cum
1421 2535 1572 2564 Lambino

848 2585 940 2620 atque
956 2581 1103 2615 Cantero,
1120 2580 1248 2610 Parisiis
1265 2578 1440 2608 interfuisse
1453 2577 1571 2607 scholis

848 2623 960 2654 Dorati
980 2629 1072 2663 atque
1089 2624 1236 2658 'rm-nebi,
1251 2624 1377 2653 Graecas
1393 2622 1497 2651 literas
1515 2631 1571 2661 pu-

848 2668 929 2699 blice
945 2667 1135 2698 docentium.
1169 2667 1259 2704 Quod
1281 2666 1307 2696 si
1331 2666 1375 2695 ita
1396 2669 1454 2699 est,
1473 2663 1573 2703 liquet

843 2714 919 2752 jam,
928 2711 980 2751 qui
994 2711 1107 2742 factum
1120 2710 1172 2746 sit,
1182 2716 1217 2740 ut
1227 2710 1367 2748 Scaliger
1377 2713 1468 2747 atque
1482 2707 1571 2737 Lam-

849 2756 937 2786 binus
955 2760 986 2786 et
1000 2755 1176 2794 Stephanus
1192 2753 1223 2783 in
1239 2754 1363 2784 easdem
1382 2751 1570 2781 emendatio-

846 2809 902 2831 nes
923 2798 1148 2829 consenserint.
1161 2798 1244 2837 quod
1268 2796 1348 2826 baud
1372 2805 1439 2825 raro
1455 2794 1570 2824 sactum

847 2844 951 2873 video.

890 2886 967 2917 ibid.
990 2896 1020 2916 ν.
1040 2887 1072 2916 3.
1096 2882 1261 2924 ἐπεισάξει]
1286 2881 1514 2912 Demosthenes
1538 2879 1569 2909 in

847 2939 982 2965 scenam,
990 2928 1077 2959 velut
1086 2927 1262 2958 histrionem
1270 2925 1479 2960 mlsciticium,
1489 2922 1542 2964 (N
1558 2940 1570 2946 -

847 2971 1024 3014 benactem)
1039 2972 1166 3003 inducet
1188 2971 1321 3001 animum
1345 2979 1445 3004 suum,
1460 2976 1569 2999 versu-

847 3021 911 3047 tum
931 3015 1016 3047 illum
1033 3019 1064 3046 et
1083 3014 1354 3055 praestigiatorem.
1377 3013 1389 3043 ὁ
1412 3011 1476 3051 γόης
1491 3010 1568 3041 nlius

849 3062 907 3091 ΒΛ
