1916 3340
312 190 424 239 340

316 292 405 321 unius
433 290 652 321 Demosthenis
676 297 750 321 nutu
778 293 930 331 Prytanes
955 301 1027 330 pen—

315 335 436 371 derent}
451 340 482 364 et
506 335 544 364 ad
560 334 659 374 ipsius
683 336 840 365 arbitrium
867 335 1028 364 conciones

315 378 525 408 convocandae
551 382 602 407 aut
626 378 829 413 dimittendae,
847 383 877 407 et
901 389 951 407 res
976 389 1029 417 ge-

314 423 417 450 rendae
435 422 505 456 sint,
519 426 570 450 aut
586 423 777 451 cessandum.

361 465 435 494 ibid.
461 476 490 495 v.
519 467 571 495 16.
596 463 782 505 ψηφίσματα
811 463 1027 504 Δημοσθένους]

314 509 375 537 Pro
399 507 509 546 plurali
531 507 602 537 dedi
626 508 809 547 singularem
832 518 871 537 ex
898 507 1029 537 auctori-

315 556 377 580 tate
392 551 563 580 Harleiani.
593 552 667 581 Erat
682 552 760 581 enim
775 561 865 580 unum
881 552 973 580 modo
990 550 1028 579 il-

315 594 369 623 lud
388 595 625 631 Demosthenis3
649 600 836 633 quapropter
861 598 945 624 recte
972 592 1028 631 ψή-

316 645 420 677 φισμα
453 638 636 677 appellatur.
675 639 790 667 Verum
821 642 920 667 tamen
955 637 1029 676 quia

314 681 456 721 pluribus
482 683 564 710 idem
591 682 752 710 constabat
779 681 929 716 articulis,
955 681 1028 710 ideo

314 734 374 753 non
402 725 500 753 minus
526 729 610 753 recte
635 722 821 764 ψηφίσματα
843 724 1027 764 appellatur.

314 768 489 797 Secundum
506 768 665 796 articulum
683 769 721 796 de
738 778 805 797 meo
826 767 944 803 addidi,
957 778 1028 797 con-

312 811 474 840 venienter
484 811 589 840 Attico
601 810 747 849 loquendi
764 811 852 847 mori,
868 811 920 850 qui
933 811 1027 841 avul—

311 859 383 892 gata
398 854 529 883 lectione
542 853 687 884 violatur.

355 897 380 937 ᾗ.
397 894 451 926 κζ’.
468 907 499 936 p.
519 899 590 927 106.
606 907 637 927 v.
653 900 682 927 5.
700 897 920 939 πραγματείαν]
944 897 1026 927 Satis

312 939 416 969 mirari
429 951 488 969 non
501 951 637 980 possum,
648 951 704 971 cur
715 942 830 980 Taylor
842 942 936 971 toties
953 952 1026 971 con-

309 984 447 1021 jecturas
464 984 571 1014 Wotfii
587 984 657 1013 illas
679 984 777 1023 ipsas,
793 994 868 1025 quas
883 984 952 1024 ipse
972 985 1026 1014 da·

311 1031 407 1061 ωηατ,
430 1031 531 1057 tamen
554 1028 584 1057 in
610 1027 746 1057 editione
767 1039 823 1058 sua
843 1028 1024 1058 reddiderit.

312 1069 407 1098 Matae
424 1070 449 1099 si
463 1076 561 1106 erant,
582 1081 636 1100 cur
655 1071 786 1101 toleras?
813 1082 868 1101 cur
889 1082 949 1101 non
969 1082 1026 1101 ex-

310 1113 445 1152 pungis?
462 1114 545 1143 Dedi
561 1113 695 1143 κοινωνίαν
710 1114 797 1144 libris
814 1115 1003 1145 auctoribus.

355 1156 430 1185 ibid.
457 1167 487 1186 v.
513 1159 543 1186 7.
571 1157 714 1198 εὑρήσετε]
746 1158 901 1196 Equidem
928 1163 1025 1187 tuear.

309 1203 395 1228 recte
412 1199 437 1228 si
454 1210 516 1228 rem
534 1201 746 1238 perpendetis,
763 1200 1025 1240 videbitis,repe-

309 1242 396 1271 rietis
409 1253 447 1272 ex
465 1243 512 1272 his
524 1243 721 1272 testimoniis.

353 1286 428 1314 ibid.
448 1297 476 1316 v.
501 1288 552 1316 13.
576 1284 622 1326 ἧς]
649 1286 755 1315 Malim
779 1287 814 1320 ὡς
837 1286 934 1319 atate.
961 1297 1024 1315 me-

309 1329 455 1363 ministis,
480 1330 718 1359 Demosthenem
744 1329 829 1358 illius
853 1330 1024 1359 accusatio-

309 1372 357 1401 nis
380 1372 565 1412 principium
588 1372 700 1402 fecisse
724 1372 809 1402 illam
834 1373 1024 1409 concionem,

307 1425 397 1455 qnam
414 1433 457 1438 —-

352 1458 429 1488 ibid.
447 1469 476 1488 v.
495 1461 546 1489 16.
571 1458 680 1499 τούτῳ]
709 1458 817 1488 Malim
833 1458 950 1489 τούτων.
971 1459 1024 1489 ha-

307 1512 373 1531 rum
391 1512 494 1531 rerum
518 1507 672 1541 gestarum
689 1502 718 1531 in
736 1506 875 1542 tempore
890 1506 952 1532 tam
969 1503 1024 1533 im-

305 1546 415 1584 probe,
437 1549 559 1583 tamque
580 1545 777 1584 impudenter
798 1550 845 1576 est
869 1546 1025 1583 mentitus,

305 1593 338 1618 ut
364 1588 509 1617 miserum
531 1589 581 1618 sit.
607 1587 794 1630 σχετλιάζειν
818 1589 884 1619 1ι.1.
903 1590 1023 1629 accipio

305 1641 363 1670 pro
375 1630 515 1672 σχέτλιον
527 1630 623 1661 ἑαυτὲν
639 1631 784 1673 σταςέχειν.
798 1633 896 1671 gessit
907 1644 939 1662 se
958 1645 1023 1663 sce-

304 1675 447 1709 leratum,
461 1677 550 1714 cujus
562 1676 602 1705 ob
615 1676 826 1706 enormitatem
840 1677 975 1706 audaciae
992 1677 1023 1706 in

307 1719 484 1748 mentiendo
514 1719 623 1748 deceat
653 1719 779 1749 deorum
808 1719 1023 1759 hominumque

309 1761 398 1791 fidem
417 1762 576 1791 obtestari.

350 1804 426 1834 ibid.
445 1816 473 1834 v.
494 1808 543 1835 18.
561 1804 848 1846 μεταπεμφθέντες]
875 1807 910 1835 In
928 1807 1023 1836 nomi-

307 1848 411 1876 nativo
428 1849 504 1877 bene
521 1849 622 1877 habet.
645 1859 706 1877 non
730 1848 809 1878 enim
832 1850 950 1888 legatos
968 1860 1024 1888 po-

309 1890 462 1928 pulorum,
476 1892 531 1920 sed
546 1891 678 1930 populos
692 1891 776 1929 ipsos
789 1891 1025 1931 μετεπέμψαντο

309 1933 528 1969 Athenienses,
556 1935 586 1963 h.
604 1944 630 1962 e.
660 1933 801 1973 ἔπεμψαν
826 1934 899 1975 πρὸς
925 1937 1026 1969 αὐτοὺς

309 1976 448 2014 ἀξιοῦντες
464 1976 602 2006 συνελθεῖν
612 1976 740 2018 Ἀθήνῃσι
764 1977 809 2007 διὰ
825 1980 880 2007 τῶν
901 1978 1025 2012 ἑκάστης

308 2019 415 2052 πόλεως
442 2019 596 2059 πρέσβεων,
625 2020 789 2050 mittebant
818 2021 1025 2051 Athenienses

306 2063 426 2102 legatos
443 2064 481 2092 ad
502 2064 635 2102 populos
660 2074 798 2103 quosque
823 2064 963 2099 Graeciae,
980 2065 1026 2094 in-

306 2106 440 2136 vitantes
465 2111 555 2146 atque
578 2110 724 2146 rogantes
748 2117 814 2143 eos,
837 2111 872 2137 ut
894 2108 1026 2138 Athenis

307 2150 520 2185 convenirent,
548 2160 607 2179 non
634 2149 696 2189 ipsi
724 2150 860 2189 quidem,
886 2151 917 2180 id
943 2152 1024 2190 quod

309 2192 376 2222 fieri
392 2193 546 2232 nequiret,
561 2200 592 2223 at
608 2204 664 2232 per
682 2193 802 2233 legatos
823 2197 938 2230 tamen,
953 2205 1026 2234 per-

308 2246 414 2265 sonam
432 2236 539 2276 populi
555 2238 719 2276 cujusque,
735 2237 815 2266 unde
841 2241 956 2274 essent,
979 2249 1026 2268 re-

306 2284 559 2318 praesentaturos.
590 2281 687 2310 Erant
706 2280 810 2319 itaque
829 2281 937 2320 populi
962 2281 1025 2320 ipsi

307 2322 329 2351 οῖ
352 2322 645 2362 μεταπεμφθέντες,
669 2323 821 2359 arcessiti,
837 2335 897 2354 non
923 2328 1024 2354 autem

307 2365 402 2404 legati
419 2376 535 2395 eorum.
559 2367 744 2403 Legationes
760 2366 840 2396 enim
857 2368 1025 2397 Athenien-

308 2408 399 2445 sium,
416 2419 473 2437 non
491 2410 528 2438 ad
544 2409 664 2448 legatos
677 2410 875 2449 populorum,
891 2411 1025 2441 nondum

307 2452 499 2490 designatos,
515 2453 568 2481 sed
593 2453 631 2481 ad
653 2452 737 2492 ipsos
763 2453 896 2492 populos
919 2452 1023 2484 mitte-

307 2496 426 2524 bantur.
472 2495 627 2534 Populum
655 2496 755 2535 ipsum
783 2495 1022 2535 μεταπέμπεται

306 2538 347 2573 is,
362 2538 414 2577 qui
431 2549 485 2578 per
497 2539 616 2577 legatos
634 2549 705 2568 snos
723 2549 792 2569 eum
807 2545 906 2578 rogat,
920 2545 953 2569 nt
969 2552 1023 2580 per

305 2582 424 2620 legatos
442 2592 459 2611 a
472 2593 505 2612 se
522 2583 660 2612 delectos
677 2593 710 2612 se
731 2583 898 2612 convenire
914 2584 1001 2613 velit.

349 2635 381 2663 p.
414 2627 486 2654 107.
515 2636 546 2655 v.
575 2628 607 2655 4.
637 2624 832 2665 ἐνεστηκότος]
867 2627 931 2656 Hic
965 2637 1022 2656 non

305 2667 399 2702 idem,
415 2669 498 2706 quod
515 2669 622 2708 vulgo,
635 2669 799 2706 significat,
810 2668 854 2699 ἔτι
866 2668 1023 2709 μέλλοντος

304 2711 353 2740 καὶ
369 2710 570 2752 ἐπερχομένου,
586 2712 763 2742 imminente
780 2713 873 2747 bello,
889 2717 918 2742 et
937 2723 1022 2743 acce-

305 2754 409 2789 dente,
436 2756 488 2784 sed
517 2755 561 2785 ἔτι
586 2754 728 2795 πιέζοντος
753 2755 801 2784 καὶ
832 2754 1021 2797 ἐνοχλοῦντος,

304 2797 406 2826 adhuc
423 2803 580 2836 premente
597 2805 627 2827 et
641 2803 773 2828 vexante
790 2809 856 2829 nos.

347 2840 423 2870 ibid.
440 2840 570 2880 αἱξέο-εως
584 2840 644 2882 δ’τε]
670 2842 774 2872 Malim
797 2842 844 2871 καὶ
868 2842 1020 2872 interseri.

309 2884 380 2912 Duo
397 2889 468 2913 sunt
483 2884 609 2914 diversa
633 2890 783 2924 tempora,
805 2886 946 2921 alterum,
962 2896 1022 2925 quo

308 2926 422 2964 legatio
436 2928 624 2964 decernitur,
637 2929 777 2965 alterum,
789 2939 849 2968 quo
863 2929 1023 2969 ablegatur

309 2974 340 3000 et
354 2969 415 2998 iter
430 2969 497 2999 init.

352 3012 427 3042 ibid.
443 3023 473 3042 v.
487 3016 517 3043 8.
530 3014 567 3047 εἷς
580 3015 625 3043 τᾶν
638 3015 740 3056 δῆμον]
765 3015 798 3046 Si
815 3016 853 3050 εἰς
869 3019 1022 3053 servatur,

752 199 982 242 REISKII
1015 198 1345 240 ANNOTATA

1061 291 1121 330 leg.
1141 290 1262 320 videtur
1277 289 1412 330 προόδους,
1426 290 1564 322 detracto
1582 291 1689 330 primae
1708 292 1772 331 sy?-

1061 334 1139 364 labae
1156 335 1258 364 sibilo.
1294 334 1346 364 Sin
1371 337 1473 363 autem
1499 333 1643 374 προσόδους
1665 345 1771 365 serva-

1060 381 1122 413 tur,
1149 377 1252 407 malim
1279 377 1349 407 loco
1371 377 1408 410 εἷς
1431 380 1483 406 aut
1503 378 1538 411 ὡς
1563 382 1614 407 aut
1640 377 1716 418 πρός.
1740 389 1771 408 v.

1062 431 1144 450 vers,
1161 423 1211 451 17.

1103 464 1178 494 ibid.
1195 475 1225 493 v.
1243 466 1294 494 13.
1310 462 1552 504 προβουλεύματα
1567 464 1658 493 αὐτῶν
1675 462 1707 492 ἐκ
1721 463 1772 492 τοῖ’

1061 504 1262 548 Εουλευτηρίου]
1296 508 1406 537 Potest
1431 507 1496 536 haec
1517 507 1643 546 vulgata
1665 506 1773 542 lectio,

1063 550 1088 579 si
1116 551 1183 590 quis
1209 551 1383 585 contendat,
1407 550 1543 589 probari.
1570 549 1771 591 προβούλευμα

1061 604 1131 627 τινος
1148 598 1248 633 potest
1272 593 1443 632 significare
1459 593 1585 623 Senatus
1605 594 1771 623 consultum

1062 636 1094 665 in
1111 637 1242 678 alicujus
1259 647 1361 671 causa,
1378 636 1446 678 ὑπὲρ
1459 648 1539 670 τινος.
1557 641 1590 666 ut
1604 638 1685 676 apud
1710 637 1771 665 De—

1061 681 1262 716 mosthenem,
1274 679 1331 711 &ian
1345 679 1489 720 ὀνόματος,
1503 691 1559 719 pro
1576 680 1599 709 δ.
1613 679 1682 720 ὑπὲξ
1695 677 1772 719 ὅνὸμ.

1061 725 1136 753 actio
1162 725 1197 753 de
1225 725 1340 753 nomine
1364 729 1395 753 et
1422 725 1482 754 alia
1509 723 1582 752 talia
1608 724 1716 753 crebra
1741 728 1772 751 et

1061 776 1148 805 paeue
1160 767 1287 797 infinita.
1314 768 1438 804 Verum,
1449 769 1508 797 hoo
1518 766 1563 796 sic
1576 767 1688 805 posito,
1700 765 1773 804 quid

1060 810 1154 839 facies
1177 811 1208 840 in
1224 811 1424 850 sequentibus
1446 809 1478 840 ἐκ
1502 811 1551 839 τοῦ
1573 807 1775 849 Commu-trigiam?

1061 853 1221 884 Succurrit
1237 854 1285 883 hio
1303 854 1422 892 gemina
1437 853 1618 884 emendandi
1634 853 1724 889 ratio,
1741 858 1774 881 ut

1061 903 1112 927 aut
1125 897 1204 936 αὐτῷ’
1214 897 1345 936 legatur,
1355 898 1411 932 illi,
1423 898 1534 927 scribae
1550 896 1676 936 publico
1686 900 1775 935 puta3

1059 945 1122 976 aut,
1139 941 1222 980 quod
1245 940 1362 977 malim,
1376 938 1412 970 αὖ
1434 942 1474 970 τὰ
1496 942 1562 974 τῶν,
1581 939 1774 978 probaleuma

1058 993 1171 1019 eorum,
1193 984 1244 1024 qui
1272 983 1396 1014 Senatui
1423 989 1487 1014 tum
1512 984 1698 1020 irztererant5
1723 989 1775 1014 aut

1059 1027 1191 1066 denique
1219 1032 1381 1066 utrumque
1411 1027 1471 1057 erit
1496 1026 1713 1065 copulandum,
1734 1028 1772 1057 ad

1060 1070 1139 1099 hunc
1155 1071 1279 1100 modum
1303 1069 1546 1111 προβουλεύματα
1561 1068 1641 1109 αὐτῷ
1655 1071 1696 1099 τὰ
1718 1072 1776 1100 τῶν

1058 1112 1091 1143 ἐκ
1105 1114 1154 1142 τοῦ
1170 1113 1251 1146 Βουλ.

1101 1156 1178 1186 ibid.
1200 1167 1230 1186 v.
1258 1158 1309 1187 15.
1337 1154 1533 1197 ἐξέπεμψαν]
1560 1157 1643 1186 Bene
1668 1156 1774 1194 habet,

1058 1199 1126 1228 scil.
1142 1199 1359 1236 Athenienses,
1371 1200 1454 1238 quod
1466 1210 1574 1230 nomen
1591 1199 1682 1229 modo
1694 1211 1773 1240 prae-

1059 1241 1163 1271 cessit.

1101 1284 1176 1314 ibid.
1191 1296 1219 1315 v.
1236 1287 1288 1315 18.
1302 1285 1474 1327 παράσχῃς]
1496 1285 1595 1315 Aldus
1611 1285 1699 1316 dedit
1714 1298 1774 1318 πα-

1058 1328 1165 1370 ξάσχῃ·
1190 1327 1316 1369 perinde
1340 1333 1400 1364 est,
1422 1334 1550 1369 utraque
1577 1329 1670 1359 lectio
1694 1332 1773 1360 bona

1058 1375 1117 1407 est,
1141 1372 1305 1410 utrobique
1326 1372 1460 1401 secunda
1484 1382 1614 1411 persona
1639 1373 1775 1413 singula-

1059 1415 1115 1450 ris,
1131 1414 1197 1444 illic
1213 1414 1245 1444 in
1262 1414 1376 1451 activo,
1395 1415 1445 1444 hic
1461 1415 1490 1444 in
1507 1415 1620 1445 medio.
1644 1416 1774 1447 Praetuli

1060 1461 1160 1488 tamen
1172 1457 1335 1488 lectionem
1346 1458 1477 1495 Aldinae,
1491 1464 1524 1488 ut
1536 1458 1679 1490 editionis
1691 1460 1775 1500 prin-

1059 1511 1149 1540 cipis.

1102 1545 1178 1574 ibid.
1194 1543 1220 1575 ἐν
1238 1540 1261 1584 ᾧ
1282 1556 1320 1574 συ
1338 1543 1391 1586 φῇς
1405 1543 1471 1574 ὄντα
1485 1543 1587 1586 χρόνῳ]
1609 1546 1672 1576 Cur
1697 1545 1777 1584 ὄντα,

1060 1593 1092 1617 et
1119 1598 1178 1618 non
1204 1587 1309 1627 potius
1335 1588 1469 1627 γεγονότα
1495 1592 1548 1618 aut
1573 1589 1774 1630 γεγραμμένα.

1060 1632 1097 1660 In
1115 1631 1284 1661 Harleiano
1300 1637 1348 1662 est
1364 1642 1420 1672 pro
1437 1632 1559 1661 duobus
1576 1634 1735 1664 vocabulis
1752 1633 1779 1663 ἐν

1059 1672 1081 1714 ᾦ
1096 1685 1187 1705 unum
1202 1677 1248 1710 ὡς,
1270 1679 1301 1705 et
1323 1686 1380 1715 pro
1403 1674 1502 1717 χρόνῳ,
1524 1674 1639 1705 ibidem
1663 1676 1779 1716 legitur

1058 1717 1160 1760 χρόνον.
1192 1719 1283 1749 Unde
1307 1718 1422 1757 colligo
1448 1718 1493 1748 sic
1515 1728 1586 1749 esse
1612 1720 1777 1758 legendum

1060 1767 1090 1791 et
1108 1762 1180 1792 olim
1203 1763 1328 1798 lectum,
1350 1762 1492 1803 παςάσχῃ
1516 1757 1552 1792 ἄν
1574 1773 1612 1792 συ
1634 1762 1688 1804 φῇς
1710 1762 1777 1793 ὄντα

1058 1804 1169 1846 χρόνων.

1103 1859 1133 1887 p.
1155 1851 1226 1878 108.
1244 1859 1273 1877 v.
1293 1851 1325 1880 6.
1347 1847 1470 1881 καὶτοῖς
1484 1848 1678 1890 συμμάχοις]
1705 1850 1775 1879 Νοη

1061 1891 1165 1927 video,
1178 1902 1231 1921 cur
1244 1891 1359 1930 Taylor
1375 1892 1440 1920 liaec
1455 1892 1551 1920 verba
1564 1892 1698 1921 deletum
1717 1899 1777 1922 eat.

1060 1930 1191 1964 Athenis
1211 1933 1295 1964 nullo
1318 1945 1378 1963 non
1398 1939 1536 1973 tempore
1555 1935 1649 1974 legati
1676 1935 1776 1965 socio-

1060 1987 1126 2005 rum
1145 1978 1283 2013 aderant,
1299 1981 1450 2017 perpetuo
1476 1978 1506 2006 in
1532 1977 1616 2008 Urbe
1640 1989 1778 2008 commo-

1059 2024 1176 2055 rantes,
1206 2020 1257 2059 qui
1284 2021 1313 2050 h.
1331 2021 1351 2049 l.
1379 2019 1593 2058 designantur,
1613 2025 1643 2050 et
1665 2032 1696 2051 v.
1723 2024 1774 2052 10.

1061 2064 1211 2093 vocabulo
1232 2062 1370 2104 συνέδρων,
1414 2063 1453 2092 Id
1479 2063 1559 2093 enim
1585 2074 1692 2094 nomeu
1710 2071 1777 2095 erat

1060 2106 1230 2145 legatorum
1245 2107 1304 2136 boc
1320 2116 1428 2146 genus.

1102 2149 1181 2179 ibid.
1194 2161 1223 2179 v.
1241 2152 1291 2180 18.
1315 2150 1380 2184 τοὺς
1394 2148 1452 2180 ἀπὸ
1466 2151 1521 2180 τῶν
1533 2148 1683 2191 Ἐλλήνων]
1709 2153 1775 2181 Βιι-

1060 2192 1156 2228 bium,
1164 2197 1250 2223 utros
1260 2192 1415 2233 designet,
1424 2193 1582 2232 legatosne
1595 2195 1775 2224 Graecorum

1061 2237 1231 2272 venientes,
1247 2235 1372 2271 ἥκοντας,
1388 2246 1424 2266 an
1440 2236 1672 2266 Atheniensium
1690 2239 1776 2268 Grae-

1060 2279 1107 2309 cis
1123 2291 1140 2309 e
1152 2279 1331 2310 civitatibus
1344 2280 1466 2309 domum
1478 2284 1680 2316 revertentes,
1691 2280 1776 2312 ἐπαν-

1059 2323 1184 2357 ήκοντας.
1210 2334 1268 2363 ego
1285 2333 1359 2354 vero
1377 2323 1434 2352 hoc
1448 2323 1606 2362 posterius
1622 2324 1737 2354 malim.

1102 2366 1180 2397 ibid.
1198 2377 1227 2397 v.
1245 2377 1315 2406 pen.
1332 2364 1543 2406 ἀκροάσασθαι]
1568 2367 1654 2397 Bene
1671 2367 1776 2403 habet,

1059 2411 1166 2440 audire
1179 2410 1334 2440 ‘relationes
1349 2410 1523 2450 legatorum.

1102 2453 1176 2483 ibid.
1194 2464 1225 2482 v.
1239 2454 1295 2484 ult.
1311 2452 1423 2493 δόγμα]
1447 2454 1516 2491 Quo
1532 2452 1681 2483 sancitum
1698 2457 1774 2490 erat,

1058 2496 1224 2526 deliberari
1234 2497 1273 2527 de
1281 2507 1358 2537 pace
1371 2507 1387 2526 e
1400 2496 1584 2535 populorum
1594 2497 1772 2526 Graecorum

1058 2540 1222 2576 sententia,
1235 2549 1399 2579 postquam
1416 2549 1454 2568 ea
1474 2549 1514 2568 ex
1534 2549 1586 2568 ore
1601 2539 1773 2578 legatorum

1058 2587 1142 2612 esset
1158 2587 1295 2622 accepta.
1326 2582 1491 2613 AEschines
1513 2581 1543 2611 id
1569 2582 1593 2611 si
1610 2582 1775 2619 voluisset,

1057 2627 1140 2665 quod
1156 2626 1321 2656 Markland
1337 2626 1415 2661 vult,
1430 2635 1491 2654 non
1515 2623 1699 2665 κυςώσασθαι
1727 2627 1773 2656 di-

1058 2669 1170 2706 xisset,
1187 2670 1242 2699 sed
1258 2670 1359 2710 κυροῦν.
1376 2672 1483 2698 auctor
1501 2669 1663 2698 sententiae
1682 2669 1774 2710 κυροῦ-

1056 2724 1118 2748 ται,
1132 2713 1268 2752 populus
1282 2712 1365 2753 κυροῖ.
1380 2711 1429 2741 hic
1448 2711 1564 2747 sciscit,
1578 2711 1631 2741 ille
1648 2720 1773 2751 operam

1056 2755 1120 2791 dat,
1134 2759 1168 2785 ut
1183 2755 1330 2794 populum
1348 2755 1387 2784 ad
1403 2754 1595 2785 sciscendum
1611 2754 1762 2794 impellat.

1100 2809 1132 2838 p.
1150 2801 1222 2829 109.
1244 2809 1274 2827 v.
1290 2801 1322 2829 3.
1345 2796 1595 2838 μετατιθέμενος]
1622 2798 1683 2832 Qui
1704 2798 1774 2828 solet

1056 2847 1180 2871 mentem
1195 2847 1322 2877 mutare,
1338 2841 1470 2881 praetuli.
1724 2874 1726 2876 ,

1100 2884 1126 2923 §.
1151 2884 1207 2923 κγ’.
1232 2896 1264 2925 p.
1291 2887 1364 2914 110.
1391 2896 1420 2915 v.
1445 2894 1514 2925 pen.
1542 2882 1650 2924 ἑαυτῷ]
1678 2884 1772 2914 Facio

1057 2938 1124 2957 cum
1141 2928 1256 2958 Wolfio
1277 2938 1444 2968 pronomen
1464 2928 1524 2957 hoc
1540 2933 1592 2957 aut
1616 2927 1655 2956 ad
1671 2925 1774 2958 {ordel-

1056 2970 1175 3010 ξασθαι,
1199 2975 1252 3001 aut
1278 2972 1317 3001 ad
1340 2969 1589 3011 παρακαθήμενον
1611 2970 1772 3000 referente.

1056 3015 1140 3054 quod
1163 3015 1276 3054 Taylor
1291 3015 1357 3045 fieri
1378 3018 1468 3055 negat
1490 3017 1644 3054 oportere.
1680 3013 1770 3043 Refe-
