<?xml version="1.0" encoding="UTF-8"?>
<!DOCTYPE html PUBLIC "-//W3C//DTD XHTML 1.0 Transitional//EN"
    "http://www.w3.org/TR/xhtml1/DTD/xhtml1-transitional.dtd">
<html xmlns="http://www.w3.org/1999/xhtml" xml:lang="en" lang="en">
 <head>
  <title>
</title>
<meta http-equiv="Content-Type" content="text/html;charset=utf-8" />
  <meta name='ocr-system' content='tesseract 3.04.00' />
  <meta name='ocr-capabilities' content='ocr_page ocr_carea ocr_par ocr_line ocrx_word'/>
</head>
<body>
  <div class='ocr_page' id='page_1' title='image "./oratoresatticie12dobs/oratoresatticie12dobs_0081.png"; bbox 0 0 1965 3322; ppageno 0'>
   <div class='ocr_carea' id='block_1_1' title="bbox 556 326 1251 385">
    <p class='ocr_par' dir='ltr' id='par_1_1' title="bbox 556 326 1251 385">
     <span class='ocr_line' id='line_1_1' title="bbox 556 326 1251 385; baseline -0.007 -2"><span class='ocrx_word' id='word_1_1' title='bbox 556 326 1251 385; x_wconf 81' lang='lat' dir='ltr'><strong>LTAYLORI</strong></span> 
     </span>
    </p>
   </div>
   <div class='ocr_carea' id='block_1_2' title="bbox 704 467 1102 510">
    <p class='ocr_par' dir='ltr' id='par_1_2' title="bbox 704 467 1102 510">
     <span class='ocr_line' id='line_1_2' title="bbox 704 467 1102 510; baseline -0.005 0"><span class='ocrx_word' id='word_1_2' title='bbox 704 467 1102 510; x_wconf 89' lang='lat' dir='ltr'><strong>PRAEFATIO</strong></span> 
     </span>
    </p>
   </div>
   <div class='ocr_carea' id='block_1_3' title="bbox 875 603 925 628">
    <p class='ocr_par' dir='ltr' id='par_1_3' title="bbox 875 603 925 628">
     <span class='ocr_line' id='line_1_3' title="bbox 875 603 925 628; baseline 0.02 -1"><span class='ocrx_word' id='word_1_3' title='bbox 875 603 895 628; x_wconf 76' lang='lat' dir='ltr'><strong>A</strong></span> <span class='ocrx_word' id='word_1_4' title='bbox 902 604 925 628; x_wconf 89' lang='lat' dir='ltr'>D</span> 
     </span>
    </p>
   </div>
   <div class='ocr_carea' id='block_1_4' title="bbox 240 703 1563 775">
    <p class='ocr_par' dir='ltr' id='par_1_4' title="bbox 240 703 1563 775">
     <span class='ocr_line' id='line_1_4' title="bbox 240 703 1563 775; baseline -0.002 0"><span class='ocrx_word' id='word_1_5' title='bbox 240 704 919 775; x_wconf 88' lang='lat' dir='ltr'><strong>ORATIONEM</strong></span> <span class='ocrx_word' id='word_1_6' title='bbox 1004 703 1563 772; x_wconf 85' lang='lat' dir='ltr'><strong>AESCHINIS</strong></span> 
     </span>
    </p>
   </div>
   <div class='ocr_carea' id='block_1_5' title="bbox 454 863 1344 910">
    <p class='ocr_par' dir='ltr' id='par_1_5' title="bbox 454 863 1344 910">
     <span class='ocr_line' id='line_1_5' title="bbox 454 863 1344 910; baseline -0.003 -1"><span class='ocrx_word' id='word_1_7' title='bbox 454 865 779 910; x_wconf 88' lang='lat' dir='ltr'><strong>CONTRA</strong></span> <span class='ocrx_word' id='word_1_8' title='bbox 829 863 1344 909; x_wconf 87' lang='lat' dir='ltr'>TIMARCHUM.</span> 
     </span>
    </p>
   </div>
   <div class='ocr_carea' id='block_1_6' title="bbox 164 987 1649 3018">
    <p class='ocr_par' dir='ltr' id='par_1_6' title="bbox 164 987 1649 3018">
     <span class='ocr_line' id='line_1_6' title="bbox 171 987 1639 1034; baseline -0.003 -8"><span class='ocrx_word' id='word_1_9' title='bbox 171 990 317 1032; x_wconf 74' lang='lat' dir='ltr'>HABES,</span> <span class='ocrx_word' id='word_1_10' title='bbox 341 992 387 1026; x_wconf 90' lang='lat' dir='ltr'>mi</span> <span class='ocrx_word' id='word_1_11' title='bbox 406 993 550 1033; x_wconf 81' lang='lat' dir='ltr'>Lector,</span> <span class='ocrx_word' id='word_1_12' title='bbox 579 992 782 1026; x_wconf 82' lang='lat' dir='ltr'><em>Orationem</em></span> <span class='ocrx_word' id='word_1_13' title='bbox 797 990 893 1026; x_wconf 80' lang='lat' dir='ltr'>illam</span> <span class='ocrx_word' id='word_1_14' title='bbox 913 1002 1048 1031; x_wconf 68' lang='lat' dir='ltr'>san-am,</span> <span class='ocrx_word' id='word_1_15' title='bbox 1077 989 1359 1034; x_wconf 75' lang='lat' dir='ltr'>criminosamque</span> <span class='ocrx_word' id='word_1_16' title='bbox 1383 995 1414 1022; x_wconf 77' lang='lat' dir='ltr'>et</span> <span class='ocrx_word' id='word_1_17' title='bbox 1431 987 1639 1022; x_wconf 80' lang='lat' dir='ltr'>virulentmn</span> 
     </span>
     <span class='ocr_line' id='line_1_7' title="bbox 165 1042 1639 1092; baseline -0.004 -11"><span class='ocrx_word' id='word_1_18' title='bbox 165 1047 348 1092; x_wconf 87' lang='lat' dir='ltr'>(sermone</span> <span class='ocrx_word' id='word_1_19' title='bbox 365 1050 447 1081; x_wconf 85' lang='lat' dir='ltr'>utor</span> <span class='ocrx_word' id='word_1_20' title='bbox 462 1047 642 1089; x_wconf 89' lang='lat' dir='ltr'>Gelliano,</span> <span class='ocrx_word' id='word_1_21' title='bbox 661 1047 768 1080; x_wconf 88' lang='lat' dir='ltr'>Noct.</span> <span class='ocrx_word' id='word_1_22' title='bbox 789 1046 902 1079; x_wconf 78' lang='lat' dir='ltr'>Attio.</span> <span class='ocrx_word' id='word_1_23' title='bbox 922 1044 1079 1079; x_wconf 85' lang='lat' dir='ltr'><strong>XVIII.</strong></span> <span class='ocrx_word' id='word_1_24' title='bbox 1098 1044 1151 1089; x_wconf 91' lang='lat'>3.)</span> <span class='ocrx_word' id='word_1_25' title='bbox 1168 1055 1237 1088; x_wconf 78' lang='lat' dir='ltr'>qua</span> <span class='ocrx_word' id='word_1_26' title='bbox 1257 1042 1484 1077; x_wconf 76' lang='lat' dir='ltr'><em>Timarchum</em></span> <span class='ocrx_word' id='word_1_27' title='bbox 1508 1043 1548 1075; x_wconf 86' lang='lat' dir='ltr'>de</span> <span class='ocrx_word' id='word_1_28' title='bbox 1573 1042 1639 1076; x_wconf 84' lang='lat' dir='ltr'>im-</span> 
     </span>
     <span class='ocr_line' id='line_1_8' title="bbox 165 1098 1639 1148; baseline -0.004 -12"><span class='ocrx_word' id='word_1_29' title='bbox 165 1101 336 1146; x_wconf 78' lang='lat' dir='ltr'>pudicitia</span> <span class='ocrx_word' id='word_1_30' title='bbox 347 1102 508 1148; x_wconf 84' lang='lat' dir='ltr'>graviter</span> <span class='ocrx_word' id='word_1_31' title='bbox 524 1101 775 1147; x_wconf 79' lang='lat' dir='ltr'><strong><em>insigniterque</em></strong></span> <span class='ocrx_word' id='word_1_32' title='bbox 790 1100 961 1135; x_wconf 81' lang='lat' dir='ltr'>accusavit</span> <span class='ocrx_word' id='word_1_33' title='bbox 978 1098 1172 1133; x_wconf 62' lang='lat' dir='ltr'>AEscltines.</span> <span class='ocrx_word' id='word_1_34' title='bbox 1224 1099 1382 1132; x_wconf 85' lang='lat' dir='ltr'>Causam</span> <span class='ocrx_word' id='word_1_35' title='bbox 1401 1102 1438 1132; x_wconf 90' lang='lat' dir='ltr'>et</span> <span class='ocrx_word' id='word_1_36' title='bbox 1456 1098 1639 1132; x_wconf 71' lang='lat' dir='ltr'>historiam</span> 
     </span>
     <span class='ocr_line' id='line_1_9' title="bbox 167 1154 1640 1200; baseline -0.003 -10"><span class='ocrx_word' id='word_1_37' title='bbox 167 1157 314 1191; x_wconf 83' lang='lat' dir='ltr'><strong>abunde</strong></span> <span class='ocrx_word' id='word_1_38' title='bbox 337 1157 472 1191; x_wconf 83' lang='lat' dir='ltr'><strong>discere</strong></span> <span class='ocrx_word' id='word_1_39' title='bbox 490 1160 592 1200; x_wconf 81' lang='lat' dir='ltr'>potes</span> <span class='ocrx_word' id='word_1_40' title='bbox 614 1167 662 1190; x_wconf 79' lang='lat' dir='ltr'>ex</span> <span class='ocrx_word' id='word_1_41' title='bbox 679 1156 902 1200; x_wconf 80' lang='lat' dir='ltr'>argumentis</span> <span class='ocrx_word' id='word_1_42' title='bbox 927 1158 1003 1188; x_wconf 88' lang='lat' dir='ltr'>tam</span> <span class='ocrx_word' id='word_1_43' title='bbox 1020 1165 1102 1198; x_wconf 85' lang='lat' dir='ltr'>quae</span> <span class='ocrx_word' id='word_1_44' title='bbox 1120 1154 1205 1188; x_wconf 88' lang='lat' dir='ltr'>huic</span> <span class='ocrx_word' id='word_1_45' title='bbox 1233 1154 1396 1194; x_wconf 76' lang='lat' dir='ltr'>orationi,</span> <span class='ocrx_word' id='word_1_46' title='bbox 1423 1163 1532 1197; x_wconf 86' lang='lat' dir='ltr'>quam</span> <span class='ocrx_word' id='word_1_47' title='bbox 1556 1163 1640 1196; x_wconf 75' lang='lat' dir='ltr'>quae</span> 
     </span>
     <span class='ocr_line' id='line_1_10' title="bbox 164 1207 1642 1256; baseline -0.003 -11"><span class='ocrx_word' id='word_1_48' title='bbox 164 1210 260 1244; x_wconf 89' lang='lat' dir='ltr'>binis</span> <span class='ocrx_word' id='word_1_49' title='bbox 275 1212 344 1245; x_wconf 91' lang='lat' dir='ltr'>illis</span> <span class='ocrx_word' id='word_1_50' title='bbox 361 1213 435 1256; x_wconf 79' lang='grc' dir='ltr'>περὶ</span> <span class='ocrx_word' id='word_1_51' title='bbox 451 1212 727 1256; x_wconf 80' lang='grc' dir='ltr'>παραπρεσβείας</span> <span class='ocrx_word' id='word_1_52' title='bbox 745 1214 989 1254; x_wconf 84' lang='lat' dir='ltr'>apponuntur.</span> <span class='ocrx_word' id='word_1_53' title='bbox 1026 1209 1217 1252; x_wconf 81' lang='lat' dir='ltr'>Recteque</span> <span class='ocrx_word' id='word_1_54' title='bbox 1237 1209 1392 1252; x_wconf 84' lang='lat' dir='ltr'>primum</span> <span class='ocrx_word' id='word_1_55' title='bbox 1406 1207 1445 1241; x_wconf 89' lang='lat' dir='ltr'>in</span> <span class='ocrx_word' id='word_1_56' title='bbox 1464 1207 1530 1241; x_wconf 84' lang='lat' dir='ltr'>hac</span> <span class='ocrx_word' id='word_1_57' title='bbox 1550 1207 1642 1241; x_wconf 85' lang='lat' dir='ltr'>Ora-</span> 
     </span>
     <span class='ocr_line' id='line_1_11' title="bbox 165 1263 1644 1309; baseline -0.002 -11"><span class='ocrx_word' id='word_1_58' title='bbox 165 1265 304 1300; x_wconf 88' lang='lat' dir='ltr'>tionum</span> <span class='ocrx_word' id='word_1_59' title='bbox 322 1267 411 1300; x_wconf 86' lang='lat' dir='ltr'>serie</span> <span class='ocrx_word' id='word_1_60' title='bbox 427 1266 550 1300; x_wconf 82' lang='lat' dir='ltr'>locum</span> <span class='ocrx_word' id='word_1_61' title='bbox 568 1266 739 1309; x_wconf 72' lang='lat' dir='ltr'>vindicat,</span> <span class='ocrx_word' id='word_1_62' title='bbox 758 1276 843 1299; x_wconf 90' lang='lat' dir='ltr'>cum</span> <span class='ocrx_word' id='word_1_63' title='bbox 862 1265 908 1298; x_wconf 87' lang='lat' dir='ltr'>sit</span> <span class='ocrx_word' id='word_1_64' title='bbox 925 1264 1028 1308; x_wconf 87' lang='lat' dir='ltr'>quasi</span> <span class='ocrx_word' id='word_1_65' title='bbox 1047 1263 1242 1297; x_wconf 82' lang='lat' dir='ltr'>exordium</span> <span class='ocrx_word' id='word_1_66' title='bbox 1258 1263 1529 1297; x_wconf 76' lang='lat' dir='ltr'>inimicitiarum</span> <span class='ocrx_word' id='word_1_67' title='bbox 1548 1263 1644 1296; x_wconf 83' lang='lat' dir='ltr'>inter</span> 
     </span>
     <span class='ocr_line' id='line_1_12' title="bbox 166 1316 1644 1365; baseline -0.001 -13"><span class='ocrx_word' id='word_1_68' title='bbox 166 1319 378 1354; x_wconf 88' lang='lat' dir='ltr'>AEschinem</span> <span class='ocrx_word' id='word_1_69' title='bbox 395 1320 768 1365; x_wconf 88' lang='lat' dir='ltr'>Demosthenemque,</span> <span class='ocrx_word' id='word_1_70' title='bbox 786 1322 823 1353; x_wconf 91' lang='lat' dir='ltr'>et</span> <span class='ocrx_word' id='word_1_71' title='bbox 840 1319 885 1353; x_wconf 88' lang='lat' dir='ltr'>ad</span> <span class='ocrx_word' id='word_1_72' title='bbox 903 1316 1190 1352; x_wconf 84' lang='lat' dir='ltr'>celebratissima</span> <span class='ocrx_word' id='word_1_73' title='bbox 1207 1317 1278 1351; x_wconf 83' lang='lat' dir='ltr'>ista</span> <span class='ocrx_word' id='word_1_74' title='bbox 1294 1317 1394 1361; x_wconf 82' lang='lat' dir='ltr'>paria</span> <span class='ocrx_word' id='word_1_75' title='bbox 1414 1319 1530 1361; x_wconf 77' lang='grc' dir='ltr'>λόγων</span> <span class='ocrx_word' id='word_1_76' title='bbox 1548 1318 1644 1350; x_wconf 72' lang='grc' dir='ltr'>ἀντι-</span> 
     </span>
     <span class='ocr_line' id='line_1_13' title="bbox 166 1372 1644 1418; baseline -0.001 -12"><span class='ocrx_word' id='word_1_77' title='bbox 166 1374 288 1408; x_wconf 81' lang='grc' dir='ltr'>πάλων</span> <span class='ocrx_word' id='word_1_78' title='bbox 305 1376 342 1407; x_wconf 89' lang='lat' dir='ltr'>et</span> <span class='ocrx_word' id='word_1_79' title='bbox 358 1374 482 1408; x_wconf 84' lang='lat' dir='ltr'>ordine</span> <span class='ocrx_word' id='word_1_80' title='bbox 499 1374 740 1409; x_wconf 82' lang='lat' dir='ltr'>accusationis</span> <span class='ocrx_word' id='word_1_81' title='bbox 761 1376 799 1408; x_wconf 88' lang='lat' dir='ltr'>et</span> <span class='ocrx_word' id='word_1_82' title='bbox 820 1373 992 1418; x_wconf 88' lang='lat' dir='ltr'>temporis</span> <span class='ocrx_word' id='word_1_83' title='bbox 1009 1373 1150 1406; x_wconf 85' lang='lat' dir='ltr'>ratione</span> <span class='ocrx_word' id='word_1_84' title='bbox 1168 1372 1345 1406; x_wconf 82' lang='lat' dir='ltr'>lectorem</span> <span class='ocrx_word' id='word_1_85' title='bbox 1360 1372 1432 1406; x_wconf 84' lang='lat' dir='ltr'>sere</span> <span class='ocrx_word' id='word_1_86' title='bbox 1450 1383 1558 1406; x_wconf 86' lang='lat' dir='ltr'>manu</span> <span class='ocrx_word' id='word_1_87' title='bbox 1579 1373 1644 1405; x_wconf 88' lang='lat' dir='ltr'>dn-</span> 
     </span>
     <span class='ocr_line' id='line_1_14' title="bbox 165 1427 1644 1474; baseline -0.001 -12"><span class='ocrx_word' id='word_1_88' title='bbox 165 1431 238 1462; x_wconf 85' lang='lat' dir='ltr'>cat.</span> <span class='ocrx_word' id='word_1_89' title='bbox 288 1428 346 1463; x_wconf 86' lang='lat' dir='ltr'>De</span> <span class='ocrx_word' id='word_1_90' title='bbox 364 1429 556 1464; x_wconf 82' lang='lat' dir='ltr'>Timarcho</span> <span class='ocrx_word' id='word_1_91' title='bbox 571 1430 721 1472; x_wconf 87' lang='lat' dir='ltr'>interea,</span> <span class='ocrx_word' id='word_1_92' title='bbox 741 1430 862 1474; x_wconf 83' lang='lat' dir='ltr'>deque</span> <span class='ocrx_word' id='word_1_93' title='bbox 886 1428 995 1472; x_wconf 89' lang='lat' dir='ltr'>hujus</span> <span class='ocrx_word' id='word_1_94' title='bbox 1019 1427 1204 1461; x_wconf 83' lang='lat' dir='ltr'>Orationis</span> <span class='ocrx_word' id='word_1_95' title='bbox 1228 1431 1349 1469; x_wconf 82' lang='lat' dir='ltr'>aetate,</span> <span class='ocrx_word' id='word_1_96' title='bbox 1372 1429 1517 1461; x_wconf 81' lang='lat' dir='ltr'>fortuna</span> <span class='ocrx_word' id='word_1_97' title='bbox 1533 1430 1644 1471; x_wconf 85' lang='lat' dir='ltr'>atque</span> 
     </span>
     <span class='ocr_line' id='line_1_15' title="bbox 165 1483 1644 1530; baseline -0.001 -12"><span class='ocrx_word' id='word_1_98' title='bbox 165 1484 271 1518; x_wconf 79' lang='lat' dir='ltr'>exitu</span> <span class='ocrx_word' id='word_1_99' title='bbox 287 1486 461 1519; x_wconf 86' lang='lat' dir='ltr'>nonnulla</span> <span class='ocrx_word' id='word_1_100' title='bbox 478 1486 583 1520; x_wconf 84' lang='lat' dir='ltr'>video</span> <span class='ocrx_word' id='word_1_101' title='bbox 597 1497 675 1520; x_wconf 89' lang='lat' dir='ltr'>esse</span> <span class='ocrx_word' id='word_1_102' title='bbox 691 1485 892 1530; x_wconf 80' lang='lat' dir='ltr'>praefanda.</span> <span class='ocrx_word' id='word_1_103' title='bbox 945 1483 1115 1517; x_wconf 89' lang='lat' dir='ltr'>Hominis</span> <span class='ocrx_word' id='word_1_104' title='bbox 1132 1486 1231 1517; x_wconf 87' lang='lat' dir='ltr'>certe</span> <span class='ocrx_word' id='word_1_105' title='bbox 1249 1494 1366 1517; x_wconf 82' lang='lat' dir='ltr'>mores</span> <span class='ocrx_word' id='word_1_106' title='bbox 1383 1483 1644 1528; x_wconf 82' lang='lat' dir='ltr'>spurcissimos,</span> 
     </span>
     <span class='ocr_line' id='line_1_16' title="bbox 165 1538 1646 1584; baseline -0.003 -10"><span class='ocrx_word' id='word_1_107' title='bbox 165 1541 270 1584; x_wconf 84' lang='lat' dir='ltr'>siqua</span> <span class='ocrx_word' id='word_1_108' title='bbox 293 1542 481 1574; x_wconf 83' lang='lat' dir='ltr'>accusanti</span> <span class='ocrx_word' id='word_1_109' title='bbox 512 1541 614 1584; x_wconf 85' lang='lat' dir='ltr'>fides,</span> <span class='ocrx_word' id='word_1_110' title='bbox 642 1541 728 1574; x_wconf 83' lang='lat' dir='ltr'>satis</span> <span class='ocrx_word' id='word_1_111' title='bbox 761 1539 919 1573; x_wconf 75' lang='lat' dir='ltr'>ostendit</span> <span class='ocrx_word' id='word_1_112' title='bbox 946 1539 1263 1572; x_wconf 82' lang='lat' dir='ltr'>vehementissima</span> <span class='ocrx_word' id='word_1_113' title='bbox 1289 1538 1367 1572; x_wconf 84' lang='lat' dir='ltr'>haec</span> <span class='ocrx_word' id='word_1_114' title='bbox 1399 1541 1436 1571; x_wconf 91' lang='lat' dir='ltr'>ct</span> <span class='ocrx_word' id='word_1_115' title='bbox 1472 1538 1646 1571; x_wconf 80' lang='lat' dir='ltr'>acerrima</span> 
     </span>
     <span class='ocr_line' id='line_1_17' title="bbox 166 1593 1646 1640; baseline -0.001 -12"><span class='ocrx_word' id='word_1_116' title='bbox 166 1595 291 1630; x_wconf 80' lang='lat' dir='ltr'>oratio.</span> <span class='ocrx_word' id='word_1_117' title='bbox 341 1595 479 1640; x_wconf 82' lang='lat' dir='ltr'>Liquet</span> <span class='ocrx_word' id='word_1_118' title='bbox 495 1597 630 1638; x_wconf 85' lang='lat' dir='ltr'>tamen,</span> <span class='ocrx_word' id='word_1_119' title='bbox 649 1596 758 1640; x_wconf 90' lang='lat' dir='ltr'>idque</span> <span class='ocrx_word' id='word_1_120' title='bbox 780 1597 853 1628; x_wconf 85' lang='lat' dir='ltr'>tam</span> <span class='ocrx_word' id='word_1_121' title='bbox 877 1605 925 1628; x_wconf 81' lang='lat' dir='ltr'>ex</span> <span class='ocrx_word' id='word_1_122' title='bbox 943 1593 1162 1634; x_wconf 82' lang='lat' dir='ltr'>adversario,</span> <span class='ocrx_word' id='word_1_123' title='bbox 1180 1604 1289 1638; x_wconf 83' lang='lat' dir='ltr'>quam</span> <span class='ocrx_word' id='word_1_124' title='bbox 1311 1604 1359 1627; x_wconf 85' lang='lat' dir='ltr'>ex</span> <span class='ocrx_word' id='word_1_125' title='bbox 1380 1594 1646 1634; x_wconf 81' lang='lat' dir='ltr'>Demosthene,</span> 
     </span>
     <span class='ocr_line' id='line_1_18' title="bbox 166 1648 1643 1695; baseline -0.002 -11"><span class='ocrx_word' id='word_1_126' title='bbox 166 1650 351 1684; x_wconf 89' lang='lat' dir='ltr'>hominem</span> <span class='ocrx_word' id='word_1_127' title='bbox 372 1651 482 1684; x_wconf 80' lang='lat' dir='ltr'>fuisse</span> <span class='ocrx_word' id='word_1_128' title='bbox 505 1651 542 1685; x_wconf 90' lang='lat' dir='ltr'>in</span> <span class='ocrx_word' id='word_1_129' title='bbox 563 1651 672 1695; x_wconf 87' lang='lat' dir='ltr'>Reip.</span> <span class='ocrx_word' id='word_1_130' title='bbox 691 1651 823 1684; x_wconf 84' lang='lat' dir='ltr'>muniis</span> <span class='ocrx_word' id='word_1_131' title='bbox 847 1649 1025 1684; x_wconf 87' lang='lat' dir='ltr'>obeundis</span> <span class='ocrx_word' id='word_1_132' title='bbox 1044 1648 1404 1690; x_wconf 72' lang='lat' dir='ltr'>exercitatissimum,</span> <span class='ocrx_word' id='word_1_133' title='bbox 1425 1649 1523 1682; x_wconf 84' lang='lat' dir='ltr'>domi</span> <span class='ocrx_word' id='word_1_134' title='bbox 1542 1659 1643 1692; x_wconf 87' lang='lat' dir='ltr'>pere-</span> 
     </span>
     <span class='ocr_line' id='line_1_19' title="bbox 168 1705 1642 1750; baseline 0 -12"><span class='ocrx_word' id='word_1_135' title='bbox 168 1716 304 1750; x_wconf 77' lang='lat' dir='ltr'>greque</span> <span class='ocrx_word' id='word_1_136' title='bbox 320 1705 507 1748; x_wconf 84' lang='lat' dir='ltr'>illustrem,</span> <span class='ocrx_word' id='word_1_137' title='bbox 524 1708 561 1739; x_wconf 89' lang='lat' dir='ltr'>et</span> <span class='ocrx_word' id='word_1_138' title='bbox 577 1706 700 1739; x_wconf 88' lang='lat' dir='ltr'>officiis</span> <span class='ocrx_word' id='word_1_139' title='bbox 716 1717 798 1739; x_wconf 89' lang='lat' dir='ltr'>cum</span> <span class='ocrx_word' id='word_1_140' title='bbox 817 1705 956 1739; x_wconf 85' lang='lat' dir='ltr'>bellicis</span> <span class='ocrx_word' id='word_1_141' title='bbox 973 1708 1052 1738; x_wconf 86' lang='lat' dir='ltr'>tum</span> <span class='ocrx_word' id='word_1_142' title='bbox 1070 1705 1237 1740; x_wconf 86' lang='lat' dir='ltr'>civilibus</span> <span class='ocrx_word' id='word_1_143' title='bbox 1253 1707 1396 1738; x_wconf 85' lang='lat' dir='ltr'>strenue</span> <span class='ocrx_word' id='word_1_144' title='bbox 1415 1705 1642 1738; x_wconf 81' lang='lat' dir='ltr'>defunctum.</span> 
     </span>
     <span class='ocr_line' id='line_1_20' title="bbox 169 1759 1641 1804; baseline 0 -11"><span class='ocrx_word' id='word_1_145' title='bbox 169 1760 262 1793; x_wconf 82' lang='lat' dir='ltr'>Erat</span> <span class='ocrx_word' id='word_1_146' title='bbox 281 1760 378 1794; x_wconf 87' lang='lat' dir='ltr'>enim</span> <span class='ocrx_word' id='word_1_147' title='bbox 404 1759 629 1803; x_wconf 85' lang='lat' dir='ltr'>Timarchus,</span> <span class='ocrx_word' id='word_1_148' title='bbox 653 1763 695 1794; x_wconf 90' lang='lat' dir='ltr'>ut</span> <span class='ocrx_word' id='word_1_149' title='bbox 721 1760 967 1803; x_wconf 85' lang='lat' dir='ltr'>Hermogenis</span> <span class='ocrx_word' id='word_1_150' title='bbox 992 1759 1112 1794; x_wconf 82' lang='lat' dir='ltr'>verbis</span> <span class='ocrx_word' id='word_1_151' title='bbox 1139 1762 1218 1792; x_wconf 84' lang='lat' dir='ltr'>utar</span> <span class='ocrx_word' id='word_1_152' title='bbox 1235 1773 1273 1793; x_wconf 83' lang='grc' dir='ltr'>π.</span> <span class='ocrx_word' id='word_1_153' title='bbox 1289 1761 1362 1804; x_wconf 79' lang='grc' dir='ltr'>μεθ.</span> <span class='ocrx_word' id='word_1_154' title='bbox 1379 1761 1496 1793; x_wconf 73' lang='grc' dir='ltr'>δεινοτ.</span> <span class='ocrx_word' id='word_1_155' title='bbox 1510 1771 1543 1803; x_wconf 88' lang='lat' dir='ltr'>p.</span> <span class='ocrx_word' id='word_1_156' title='bbox 1559 1763 1641 1794; x_wconf 77' lang='lat'>423.</span> 
     </span>
     <span class='ocr_line' id='line_1_21' title="bbox 169 1814 1642 1861; baseline 0 -13"><span class='ocrx_word' id='word_1_157' title='bbox 169 1814 270 1848; x_wconf 78' lang='lat' dir='ltr'>Edit.</span> <span class='ocrx_word' id='word_1_158' title='bbox 285 1815 440 1859; x_wconf 75' lang='lat' dir='ltr'>Crispin.</span> <span class='ocrx_word' id='word_1_159' title='bbox 457 1817 642 1861; x_wconf 81' lang='grc' dir='ltr'>πρόσωπον</span> <span class='ocrx_word' id='word_1_160' title='bbox 659 1816 807 1853; x_wconf 75' lang='grc' dir='ltr'>ἔνδοξον·</span> <span class='ocrx_word' id='word_1_161' title='bbox 827 1816 844 1849; x_wconf 84' lang='grc' dir='ltr'><strong>ὁ</strong></span> <span class='ocrx_word' id='word_1_162' title='bbox 861 1818 925 1860; x_wconf 81' lang='grc' dir='ltr'>γὰρ</span> <span class='ocrx_word' id='word_1_163' title='bbox 942 1817 1112 1859; x_wconf 82' lang='grc' dir='ltr'>Τίμαρχος</span> <span class='ocrx_word' id='word_1_164' title='bbox 1129 1819 1276 1859; x_wconf 71' lang='grc' dir='ltr'>τιμᾶται,</span> <span class='ocrx_word' id='word_1_165' title='bbox 1298 1817 1353 1848; x_wconf 79' lang='grc' dir='ltr'>καὶ</span> <span class='ocrx_word' id='word_1_166' title='bbox 1377 1816 1642 1859; x_wconf 59' lang='grc' dir='ltr'>λελειτοίνργηκε,</span> 
     </span>
     <span class='ocr_line' id='line_1_22' title="bbox 167 1868 1644 1915; baseline 0.001 -12"><span class='ocrx_word' id='word_1_167' title='bbox 167 1872 223 1903; x_wconf 79' lang='grc' dir='ltr'>καὶ</span> <span class='ocrx_word' id='word_1_168' title='bbox 245 1871 355 1914; x_wconf 79' lang='grc' dir='ltr'>ἀρχὰς</span> <span class='ocrx_word' id='word_1_169' title='bbox 371 1868 458 1915; x_wconf 79' lang='grc' dir='ltr'><strong>ἦρξε.</strong></span> <span class='ocrx_word' id='word_1_170' title='bbox 510 1870 611 1904; x_wconf 85' lang='lat' dir='ltr'>Vicit</span> <span class='ocrx_word' id='word_1_171' title='bbox 635 1873 772 1911; x_wconf 85' lang='lat' dir='ltr'>tamen,</span> <span class='ocrx_word' id='word_1_172' title='bbox 790 1870 884 1903; x_wconf 88' lang='lat' dir='ltr'>utin</span> <span class='ocrx_word' id='word_1_173' title='bbox 910 1869 965 1904; x_wconf 92' lang='lat' dir='ltr'>his</span> <span class='ocrx_word' id='word_1_174' title='bbox 989 1871 1097 1903; x_wconf 88' lang='lat' dir='ltr'>rebus</span> <span class='ocrx_word' id='word_1_175' title='bbox 1122 1870 1198 1904; x_wconf 88' lang='lat' dir='ltr'>ficri</span> <span class='ocrx_word' id='word_1_176' title='bbox 1223 1871 1326 1911; x_wconf 79' lang='lat' dir='ltr'>solet,</span> <span class='ocrx_word' id='word_1_177' title='bbox 1351 1870 1579 1911; x_wconf 79' lang='lat' dir='ltr'>Criminatio,</span> <span class='ocrx_word' id='word_1_178' title='bbox 1606 1875 1644 1904; x_wconf 82' lang='lat' dir='ltr'>et</span> 
     </span>
     <span class='ocr_line' id='line_1_23' title="bbox 167 1924 1643 1969; baseline 0.001 -12"><span class='ocrx_word' id='word_1_179' title='bbox 167 1924 351 1958; x_wconf 86' lang='lat' dir='ltr'>Timarchi</span> <span class='ocrx_word' id='word_1_180' title='bbox 367 1936 489 1959; x_wconf 80' lang='lat' dir='ltr'>nomen</span> <span class='ocrx_word' id='word_1_181' title='bbox 505 1935 570 1969; x_wconf 86' lang='lat' dir='ltr'>per</span> <span class='ocrx_word' id='word_1_182' title='bbox 586 1935 730 1959; x_wconf 89' lang='lat' dir='ltr'>omnem</span> <span class='ocrx_word' id='word_1_183' title='bbox 749 1936 830 1969; x_wconf 86' lang='lat' dir='ltr'>quae</span> <span class='ocrx_word' id='word_1_184' title='bbox 845 1928 972 1958; x_wconf 83' lang='lat' dir='ltr'>secuta</span> <span class='ocrx_word' id='word_1_185' title='bbox 989 1928 1044 1958; x_wconf 88' lang='lat' dir='ltr'>est</span> <span class='ocrx_word' id='word_1_186' title='bbox 1060 1928 1208 1959; x_wconf 79' lang='lat' dir='ltr'>aetatem</span> <span class='ocrx_word' id='word_1_187' title='bbox 1228 1925 1272 1957; x_wconf 81' lang='lat' dir='ltr'>ad</span> <span class='ocrx_word' id='word_1_188' title='bbox 1288 1924 1435 1958; x_wconf 76' lang='lat' dir='ltr'>cliverbii</span> <span class='ocrx_word' id='word_1_189' title='bbox 1448 1924 1643 1967; x_wconf 86' lang='lat' dir='ltr'>ignomini-</span> 
     </span>
     <span class='ocr_line' id='line_1_24' title="bbox 170 1978 1643 2023; baseline 0.001 -12"><span class='ocrx_word' id='word_1_190' title='bbox 170 1989 228 2012; x_wconf 84' lang='lat' dir='ltr'>am</span> <span class='ocrx_word' id='word_1_191' title='bbox 245 1978 459 2023; x_wconf 83' lang='lat' dir='ltr'>exagitavit.</span> <span class='ocrx_word' id='word_1_192' title='bbox 512 1980 573 2013; x_wconf 90' lang='lat' dir='ltr'>Uti</span> <span class='ocrx_word' id='word_1_193' title='bbox 591 1981 711 2023; x_wconf 86' lang='lat' dir='ltr'>legere</span> <span class='ocrx_word' id='word_1_194' title='bbox 738 1980 852 2023; x_wconf 86' lang='lat' dir='ltr'>possis</span> <span class='ocrx_word' id='word_1_195' title='bbox 870 1979 907 2013; x_wconf 91' lang='lat' dir='ltr'>in</span> <span class='ocrx_word' id='word_1_196' title='bbox 929 1980 1157 2022; x_wconf 85' lang='lat' dir='ltr'>Argumento</span> <span class='ocrx_word' id='word_1_197' title='bbox 1182 1979 1290 2023; x_wconf 85' lang='lat' dir='ltr'>priori</span> <span class='ocrx_word' id='word_1_198' title='bbox 1316 1979 1423 2022; x_wconf 85' lang='lat' dir='ltr'>hujus</span> <span class='ocrx_word' id='word_1_199' title='bbox 1447 1979 1643 2013; x_wconf 77' lang='lat' dir='ltr'>Orationis.</span> 
     </span>
     <span class='ocr_line' id='line_1_25' title="bbox 169 2032 1643 2079; baseline 0.001 -13"><span class='ocrx_word' id='word_1_200' title='bbox 169 2032 230 2066; x_wconf 84' lang='lat' dir='ltr'>lta</span> <span class='ocrx_word' id='word_1_201' title='bbox 246 2044 391 2078; x_wconf 81' lang='lat' dir='ltr'>quoque</span> <span class='ocrx_word' id='word_1_202' title='bbox 408 2034 617 2078; x_wconf 76' lang='lat' dir='ltr'>Hesychius</span> <span class='ocrx_word' id='word_1_203' title='bbox 634 2045 667 2068; x_wconf 84' lang='lat' dir='ltr'>v.</span> <span class='ocrx_word' id='word_1_204' title='bbox 683 2035 917 2079; x_wconf 73' lang='grc' dir='ltr'>Δημοκλεῖόαι.</span> <span class='ocrx_word' id='word_1_205' title='bbox 967 2037 1006 2068; x_wconf 85' lang='grc' dir='ltr'>Οἱ</span> <span class='ocrx_word' id='word_1_206' title='bbox 1022 2036 1110 2072; x_wconf 79' lang='grc' dir='ltr'>ξένοι</span> <span class='ocrx_word' id='word_1_207' title='bbox 1127 2037 1181 2069; x_wconf 86' lang='grc' dir='ltr'>καὶ</span> <span class='ocrx_word' id='word_1_208' title='bbox 1197 2036 1308 2078; x_wconf 76' lang='grc' dir='ltr'>μοιχοὶ</span> <span class='ocrx_word' id='word_1_209' title='bbox 1322 2036 1392 2067; x_wconf 82' lang='grc' dir='ltr'>ἀπὸ</span> <span class='ocrx_word' id='word_1_210' title='bbox 1407 2036 1643 2078; x_wconf 71' lang='grc' dir='ltr'>Δημοκλείδου,</span> 
     </span>
     <span class='ocr_line' id='line_1_26' title="bbox 169 2090 1645 2135; baseline 0.001 -14"><span class='ocrx_word' id='word_1_211' title='bbox 169 2090 321 2122; x_wconf 80' lang='grc' dir='ltr'>τοιούτου</span> <span class='ocrx_word' id='word_1_212' title='bbox 337 2091 446 2130; x_wconf 89' lang='grc' dir='ltr'>ὄντος,</span> <span class='ocrx_word' id='word_1_213' title='bbox 464 2091 613 2133; x_wconf 84' lang='grc' dir='ltr'>καθάπερ</span> <span class='ocrx_word' id='word_1_214' title='bbox 627 2092 682 2122; x_wconf 80' lang='grc' dir='ltr'>καὶ</span> <span class='ocrx_word' id='word_1_215' title='bbox 696 2092 774 2129; x_wconf 82' lang='grc' dir='ltr'>τοὺς</span> <span class='ocrx_word' id='word_1_216' title='bbox 790 2090 1015 2134; x_wconf 79' lang='grc' dir='ltr'>ἡταιρηκότας</span> <span class='ocrx_word' id='word_1_217' title='bbox 1030 2096 1105 2135; x_wconf 89' lang='grc' dir='ltr'>Τιμ</span> <span class='ocrx_word' id='word_1_218' title='bbox 1115 2091 1135 2122; x_wconf 86' lang='grc' dir='ltr'>ά</span> <span class='ocrx_word' id='word_1_219' title='bbox 1147 2103 1164 2134; x_wconf 79' lang='lat' dir='ltr'>p</span> <span class='ocrx_word' id='word_1_220' title='bbox 1176 2104 1276 2134; x_wconf 85' lang='grc' dir='ltr'>χους</span> <span class='ocrx_word' id='word_1_221' title='bbox 1301 2092 1431 2134; x_wconf 83' lang='grc' dir='ltr'>ἔλεγον,</span> <span class='ocrx_word' id='word_1_222' title='bbox 1445 2093 1522 2129; x_wconf 82' lang='grc' dir='ltr'>τούς</span> <span class='ocrx_word' id='word_1_223' title='bbox 1540 2090 1570 2122; x_wconf 71' lang='grc' dir='ltr'>δὲ</span> <span class='ocrx_word' id='word_1_224' title='bbox 1585 2104 1645 2123; x_wconf 81' lang='grc' dir='ltr'>πο-</span> 
     </span>
     <span class='ocr_line' id='line_1_27' title="bbox 171 2145 1643 2190; baseline 0 -12"><span class='ocrx_word' id='word_1_225' title='bbox 171 2148 294 2189; x_wconf 81' lang='grc' dir='ltr'>νηροὺς</span> <span class='ocrx_word' id='word_1_226' title='bbox 311 2147 522 2189; x_wconf 83' lang='grc' dir='ltr'>Εὐρυβάτας,</span> <span class='ocrx_word' id='word_1_227' title='bbox 539 2147 751 2184; x_wconf 82' lang='grc' dir='ltr'>Κιλλίκωνας</span> <span class='ocrx_word' id='word_1_228' title='bbox 767 2146 798 2178; x_wconf 80' lang='grc' dir='ltr'>δὲ</span> <span class='ocrx_word' id='word_1_229' title='bbox 816 2149 893 2185; x_wconf 73' lang='grc' dir='ltr'>τοὺς</span> <span class='ocrx_word' id='word_1_230' title='bbox 904 2147 1082 2190; x_wconf 70' lang='grc' dir='ltr'>προδότας.</span> <span class='ocrx_word' id='word_1_231' title='bbox 1133 2146 1192 2179; x_wconf 79' lang='lat' dir='ltr'>lta</span> <span class='ocrx_word' id='word_1_232' title='bbox 1204 2146 1279 2178; x_wconf 81' lang='lat' dir='ltr'>fere</span> <span class='ocrx_word' id='word_1_233' title='bbox 1297 2145 1469 2188; x_wconf 60' lang='lat' dir='ltr'>Syneslus</span> <span class='ocrx_word' id='word_1_234' title='bbox 1492 2146 1643 2178; x_wconf 78' lang='lat' dir='ltr'>Enconl.</span> 
     </span>
     <span class='ocr_line' id='line_1_28' title="bbox 173 2198 1644 2245; baseline 0.001 -14"><span class='ocrx_word' id='word_1_235' title='bbox 173 2198 305 2233; x_wconf 78' lang='lat' dir='ltr'>Calvit.</span> <span class='ocrx_word' id='word_1_236' title='bbox 339 2201 441 2234; x_wconf 74' lang='grc' dir='ltr'>’Ὀθεν</span> <span class='ocrx_word' id='word_1_237' title='bbox 453 2202 482 2234; x_wconf 80' lang='grc' dir='ltr'>οὶ</span> <span class='ocrx_word' id='word_1_238' title='bbox 499 2201 718 2240; x_wconf 80' lang='grc' dir='ltr'>Κλεισθένεις,</span> <span class='ocrx_word' id='word_1_239' title='bbox 735 2203 789 2233; x_wconf 85' lang='grc' dir='ltr'>καὶ</span> <span class='ocrx_word' id='word_1_240' title='bbox 806 2203 1021 2245; x_wconf 76' lang='grc' dir='ltr'>Τίμαρχοι,</span> <span class='ocrx_word' id='word_1_241' title='bbox 1046 2203 1099 2234; x_wconf 85' lang='grc' dir='ltr'>καὶ</span> <span class='ocrx_word' id='word_1_242' title='bbox 1117 2202 1244 2240; x_wconf 83' lang='grc' dir='ltr'>πάντες</span> <span class='ocrx_word' id='word_1_243' title='bbox 1258 2202 1286 2233; x_wconf 79' lang='grc' dir='ltr'>οἱ</span> <span class='ocrx_word' id='word_1_244' title='bbox 1301 2203 1384 2244; x_wconf 78' lang='grc' dir='ltr'>πρὸς</span> <span class='ocrx_word' id='word_1_245' title='bbox 1401 2201 1561 2244; x_wconf 75' lang='grc' dir='ltr'>ἀργύριον</span> <span class='ocrx_word' id='word_1_246' title='bbox 1579 2204 1644 2241; x_wconf 72' lang='grc' dir='ltr'>τὴν</span> 
     </span>
     <span class='ocr_line' id='line_1_29' title="bbox 171 2255 1644 2300; baseline 0 -13"><span class='ocrx_word' id='word_1_247' title='bbox 171 2255 262 2298; x_wconf 81' lang='grc' dir='ltr'>ὥραν</span> <span class='ocrx_word' id='word_1_248' title='bbox 279 2255 504 2299; x_wconf 79' lang='grc' dir='ltr'>διατιθέμενοι,</span> <span class='ocrx_word' id='word_1_249' title='bbox 523 2258 560 2289; x_wconf 90' lang='lat' dir='ltr'>et</span> <span class='ocrx_word' id='word_1_250' title='bbox 574 2266 658 2300; x_wconf 82' lang='lat' dir='ltr'>quae</span> <span class='ocrx_word' id='word_1_251' title='bbox 676 2260 889 2300; x_wconf 75' lang='lat' dir='ltr'>sequuntur.</span> <span class='ocrx_word' id='word_1_252' title='bbox 940 2256 998 2289; x_wconf 86' lang='lat' dir='ltr'>lta</span> <span class='ocrx_word' id='word_1_253' title='bbox 1015 2257 1129 2289; x_wconf 78' lang='lat' dir='ltr'>etiam</span> <span class='ocrx_word' id='word_1_254' title='bbox 1148 2255 1306 2289; x_wconf 80' lang='lat' dir='ltr'>Maxim.</span> <span class='ocrx_word' id='word_1_255' title='bbox 1324 2255 1456 2299; x_wconf 66' lang='lat' dir='ltr'>Tyrius</span> <span class='ocrx_word' id='word_1_256' title='bbox 1476 2255 1520 2287; x_wconf 86' lang='lat' dir='ltr'>ad</span> <span class='ocrx_word' id='word_1_257' title='bbox 1537 2255 1644 2288; x_wconf 86' lang='lat' dir='ltr'>finem</span> 
     </span>
     <span class='ocr_line' id='line_1_30' title="bbox 173 2307 1646 2357; baseline 0.001 -16"><span class='ocrx_word' id='word_1_258' title='bbox 173 2307 435 2342; x_wconf 76' lang='lat' dir='ltr'>dissertationis</span> <span class='ocrx_word' id='word_1_259' title='bbox 452 2309 497 2343; x_wconf 88' lang='lat' dir='ltr'>de</span> <span class='ocrx_word' id='word_1_260' title='bbox 511 2310 669 2343; x_wconf 87' lang='lat' dir='ltr'>Socratis</span> <span class='ocrx_word' id='word_1_261' title='bbox 683 2311 869 2351; x_wconf 80' lang='lat' dir='ltr'>amatoria,</span> <span class='ocrx_word' id='word_1_262' title='bbox 894 2313 949 2350; x_wconf 86' lang='grc' dir='ltr'>Τίς</span> <span class='ocrx_word' id='word_1_263' title='bbox 966 2314 1021 2352; x_wconf 81' lang='grc' dir='ltr'>ἂν,</span> <span class='ocrx_word' id='word_1_264' title='bbox 1038 2309 1062 2344; x_wconf 78' lang='grc' dir='ltr'>ὦ</span> <span class='ocrx_word' id='word_1_265' title='bbox 1079 2313 1162 2352; x_wconf 61' lang='grc' dir='ltr'>θεοὶ,</span> <span class='ocrx_word' id='word_1_266' title='bbox 1182 2311 1350 2357; x_wconf 71' lang='grc' dir='ltr'>μέμψαιτο</span> <span class='ocrx_word' id='word_1_267' title='bbox 1374 2312 1521 2354; x_wconf 67' lang='grc' dir='ltr'>ἐραστὴν</span> <span class='ocrx_word' id='word_1_268' title='bbox 1539 2314 1646 2343; x_wconf 74' lang='grc' dir='ltr'>τοιοῦ-</span> 
     </span>
     <span class='ocr_line' id='line_1_31' title="bbox 171 2366 1646 2410; baseline 0.001 -12"><span class='ocrx_word' id='word_1_269' title='bbox 171 2378 244 2406; x_wconf 87' lang='grc' dir='ltr'>τον,</span> <span class='ocrx_word' id='word_1_270' title='bbox 269 2367 365 2406; x_wconf 83' lang='grc' dir='ltr'>πλὴν</span> <span class='ocrx_word' id='word_1_271' title='bbox 391 2367 644 2410; x_wconf 81' lang='grc' dir='ltr'>Τιμάρχου;</span> <span class='ocrx_word' id='word_1_272' title='bbox 670 2369 779 2410; x_wconf 85' lang='lat' dir='ltr'>atque</span> <span class='ocrx_word' id='word_1_273' title='bbox 798 2366 842 2399; x_wconf 88' lang='lat' dir='ltr'>ad</span> <span class='ocrx_word' id='word_1_274' title='bbox 872 2366 964 2399; x_wconf 86' lang='lat' dir='ltr'>hanc</span> <span class='ocrx_word' id='word_1_275' title='bbox 991 2367 1178 2400; x_wconf 84' lang='lat' dir='ltr'>infamiam</span> <span class='ocrx_word' id='word_1_276' title='bbox 1208 2366 1444 2410; x_wconf 76' lang='lat' dir='ltr'>proculdubio</span> <span class='ocrx_word' id='word_1_277' title='bbox 1477 2370 1646 2409; x_wconf 79' lang='lat' dir='ltr'>spectant</span> 
     </span>
     <span class='ocr_line' id='line_1_32' title="bbox 169 2420 1645 2466; baseline 0 -13"><span class='ocrx_word' id='word_1_278' title='bbox 169 2422 307 2454; x_wconf 82' lang='lat' dir='ltr'>vexata</span> <span class='ocrx_word' id='word_1_279' title='bbox 321 2420 385 2454; x_wconf 87' lang='lat' dir='ltr'>illa</span> <span class='ocrx_word' id='word_1_280' title='bbox 400 2421 512 2455; x_wconf 87' lang='lat' dir='ltr'>verba</span> <span class='ocrx_word' id='word_1_281' title='bbox 531 2422 686 2455; x_wconf 64' lang='lat' dir='ltr'>Luc-iani</span> <span class='ocrx_word' id='word_1_282' title='bbox 711 2422 747 2454; x_wconf 93' lang='lat' dir='ltr'>in</span> <span class='ocrx_word' id='word_1_283' title='bbox 770 2421 990 2465; x_wconf 82' lang='lat' dir='ltr'>Pseudolog.</span> <span class='ocrx_word' id='word_1_284' title='bbox 1017 2422 1047 2466; x_wconf 61' lang='grc' dir='ltr'>ξ.</span> <span class='ocrx_word' id='word_1_285' title='bbox 1065 2425 1124 2456; x_wconf 80' lang='lat'>27.</span> <span class='ocrx_word' id='word_1_286' title='bbox 1173 2422 1353 2462; x_wconf 67' lang='grc' dir='ltr'>Ἀἒτηναῖοι</span> <span class='ocrx_word' id='word_1_287' title='bbox 1369 2424 1429 2465; x_wconf 74' lang='grc' dir='ltr'>μὲν</span> <span class='ocrx_word' id='word_1_288' title='bbox 1447 2423 1512 2464; x_wconf 77' lang='grc' dir='ltr'>γὰρ</span> <span class='ocrx_word' id='word_1_289' title='bbox 1529 2421 1645 2462; x_wconf 68' lang='grc' dir='ltr'>βέλτι-</span> 
     </span>
     <span class='ocr_line' id='line_1_33' title="bbox 172 2476 1645 2521; baseline -0.001 -13"><span class='ocrx_word' id='word_1_290' title='bbox 172 2488 257 2517; x_wconf 78' lang='grc' dir='ltr'>στοι,</span> <span class='ocrx_word' id='word_1_291' title='bbox 278 2477 519 2520; x_wconf 80' lang='grc' dir='ltr'>αἰνιγματῶδες</span> <span class='ocrx_word' id='word_1_292' title='bbox 535 2477 643 2518; x_wconf 84' lang='grc' dir='ltr'>οὐδὲν,</span> <span class='ocrx_word' id='word_1_293' title='bbox 658 2478 750 2509; x_wconf 82' lang='grc' dir='ltr'>ἀλλὰ</span> <span class='ocrx_word' id='word_1_294' title='bbox 768 2477 966 2521; x_wconf 83' lang='grc' dir='ltr'>γράμματος</span> <span class='ocrx_word' id='word_1_295' title='bbox 983 2478 1057 2516; x_wconf 79' lang='grc' dir='ltr'>ἑνὸς</span> <span class='ocrx_word' id='word_1_296' title='bbox 1075 2477 1252 2521; x_wconf 75' lang='grc' dir='ltr'>προσθήκῃ</span> <span class='ocrx_word' id='word_1_297' title='bbox 1270 2477 1473 2520; x_wconf 77' lang='grc' dir='ltr'>τιμήσαντές</span> <span class='ocrx_word' id='word_1_298' title='bbox 1491 2488 1524 2508; x_wconf 84' lang='grc' dir='ltr'>σε</span> <span class='ocrx_word' id='word_1_299' title='bbox 1538 2476 1576 2508; x_wconf 76' lang='grc' dir='ltr'>Ἀ</span> <span class='ocrx_word' id='word_1_300' title='bbox 1591 2478 1645 2507; x_wconf 85' lang='grc' dir='ltr'>τί-</span> 
     </span>
     <span class='ocr_line' id='line_1_34' title="bbox 169 2530 1643 2577; baseline -0.001 -13"><span class='ocrx_word' id='word_1_301' title='bbox 169 2545 193 2575; x_wconf 87' lang='grc' dir='ltr'>μ</span> <span class='ocrx_word' id='word_1_302' title='bbox 205 2545 340 2576; x_wconf 79' lang='grc' dir='ltr'>αρχον</span> <span class='ocrx_word' id='word_1_303' title='bbox 364 2533 551 2576; x_wconf 73' lang='grc' dir='ltr'>ὠνόμαζον·</span> <span class='ocrx_word' id='word_1_304' title='bbox 573 2532 634 2564; x_wconf 84' lang='grc' dir='ltr'>ἔδει</span> <span class='ocrx_word' id='word_1_305' title='bbox 651 2535 715 2576; x_wconf 82' lang='grc' dir='ltr'>γὰρ</span> <span class='ocrx_word' id='word_1_306' title='bbox 733 2531 886 2576; x_wconf 69' lang='grc' dir='ltr'>κᾴκείνου</span> <span class='ocrx_word' id='word_1_307' title='bbox 901 2546 932 2565; x_wconf 84' lang='grc' dir='ltr'>τι</span> <span class='ocrx_word' id='word_1_308' title='bbox 950 2533 1183 2577; x_wconf 81' lang='grc' dir='ltr'>περιττότερον</span> <span class='ocrx_word' id='word_1_309' title='bbox 1200 2533 1375 2576; x_wconf 82' lang='grc' dir='ltr'>προσεῖναί</span> <span class='ocrx_word' id='word_1_310' title='bbox 1391 2544 1451 2564; x_wconf 92' lang='grc' dir='ltr'>σοι.</span> <span class='ocrx_word' id='word_1_311' title='bbox 1504 2530 1597 2570; x_wconf 78' lang='lat' dir='ltr'>Quae</span> <span class='ocrx_word' id='word_1_312' title='bbox 1616 2530 1643 2562; x_wconf 84' lang='lat' dir='ltr'>sl</span> 
     </span>
     <span class='ocr_line' id='line_1_35' title="bbox 173 2586 1645 2631; baseline -0.001 -11"><span class='ocrx_word' id='word_1_313' title='bbox 173 2587 259 2621; x_wconf 88' lang='lat' dir='ltr'>mihi</span> <span class='ocrx_word' id='word_1_314' title='bbox 283 2587 510 2631; x_wconf 85' lang='lat' dir='ltr'>interpretari</span> <span class='ocrx_word' id='word_1_315' title='bbox 536 2587 674 2628; x_wconf 79' lang='lat' dir='ltr'>liceret,</span> <span class='ocrx_word' id='word_1_316' title='bbox 701 2587 871 2629; x_wconf 85' lang='lat' dir='ltr'>dicerem,</span> <span class='ocrx_word' id='word_1_317' title='bbox 897 2598 980 2621; x_wconf 87' lang='lat' dir='ltr'>eum</span> <span class='ocrx_word' id='word_1_318' title='bbox 998 2598 1106 2631; x_wconf 86' lang='lat' dir='ltr'>quem</span> <span class='ocrx_word' id='word_1_319' title='bbox 1127 2587 1166 2621; x_wconf 76' lang='lat' dir='ltr'>in</span> <span class='ocrx_word' id='word_1_320' title='bbox 1186 2588 1252 2621; x_wconf 84' lang='lat' dir='ltr'>hoc</span> <span class='ocrx_word' id='word_1_321' title='bbox 1271 2588 1465 2620; x_wconf 80' lang='lat' dir='ltr'>tractatulo</span> <span class='ocrx_word' id='word_1_322' title='bbox 1483 2586 1574 2618; x_wconf 85' lang='lat' dir='ltr'>adeo</span> <span class='ocrx_word' id='word_1_323' title='bbox 1592 2596 1645 2618; x_wconf 88' lang='lat' dir='ltr'>sc-</span> 
     </span>
     <span class='ocr_line' id='line_1_36' title="bbox 173 2640 1647 2686; baseline -0.001 -11"><span class='ocrx_word' id='word_1_324' title='bbox 173 2652 255 2675; x_wconf 78' lang='lat' dir='ltr'>vere</span> <span class='ocrx_word' id='word_1_325' title='bbox 283 2643 448 2686; x_wconf 82' lang='lat' dir='ltr'>exagitat</span> <span class='ocrx_word' id='word_1_326' title='bbox 474 2642 676 2683; x_wconf 88' lang='lat' dir='ltr'>Lucianus‚</span> <span class='ocrx_word' id='word_1_327' title='bbox 704 2653 725 2675; x_wconf 88' lang='lat' dir='ltr'>a</span> <span class='ocrx_word' id='word_1_328' title='bbox 754 2642 914 2676; x_wconf 85' lang='lat' dir='ltr'>moribus</span> <span class='ocrx_word' id='word_1_329' title='bbox 943 2653 1015 2676; x_wconf 92' lang='lat' dir='ltr'>non</span> <span class='ocrx_word' id='word_1_330' title='bbox 1039 2643 1236 2677; x_wconf 84' lang='lat' dir='ltr'>absurdum</span> <span class='ocrx_word' id='word_1_331' title='bbox 1271 2651 1401 2675; x_wconf 86' lang='lat' dir='ltr'>nomen</span> <span class='ocrx_word' id='word_1_332' title='bbox 1433 2640 1647 2680; x_wconf 76' lang='lat' dir='ltr'>obtinuisse,</span> 
     </span>
     <span class='ocr_line' id='line_1_37' title="bbox 175 2694 1644 2741; baseline -0.001 -12"><span class='ocrx_word' id='word_1_333' title='bbox 175 2696 308 2740; x_wconf 84' lang='lat' dir='ltr'>quippe</span> <span class='ocrx_word' id='word_1_334' title='bbox 332 2707 441 2741; x_wconf 89' lang='lat' dir='ltr'>quem</span> <span class='ocrx_word' id='word_1_335' title='bbox 466 2697 564 2731; x_wconf 87' lang='lat' dir='ltr'>cives</span> <span class='ocrx_word' id='word_1_336' title='bbox 589 2697 681 2740; x_wconf 81' lang='lat' dir='ltr'>ejus,</span> <span class='ocrx_word' id='word_1_337' title='bbox 713 2696 822 2731; x_wconf 90' lang='lat' dir='ltr'>unius</span> <span class='ocrx_word' id='word_1_338' title='bbox 841 2698 995 2731; x_wconf 81' lang='lat' dir='ltr'>literulae</span> <span class='ocrx_word' id='word_1_339' title='bbox 1021 2697 1066 2731; x_wconf 84' lang='lat' dir='ltr'>ad</span> <span class='ocrx_word' id='word_1_340' title='bbox 1091 2697 1275 2732; x_wconf 85' lang='lat' dir='ltr'>Timarchi</span> <span class='ocrx_word' id='word_1_341' title='bbox 1294 2707 1425 2729; x_wconf 86' lang='lat' dir='ltr'>nomen</span> <span class='ocrx_word' id='word_1_342' title='bbox 1445 2694 1644 2734; x_wconf 76' lang='lat' dir='ltr'>additione,</span> 
     </span>
     <span class='ocr_line' id='line_1_38' title="bbox 174 2749 1646 2796; baseline 0.001 -14"><span class='ocrx_word' id='word_1_343' title='bbox 174 2749 214 2782; x_wconf 89' lang='lat' dir='ltr'>&#39;A</span> <span class='ocrx_word' id='word_1_344' title='bbox 227 2752 434 2795; x_wconf 79' lang='grc' dir='ltr'>τίμαρχον</span> <span class='ocrx_word' id='word_1_345' title='bbox 461 2761 588 2786; x_wconf 85' lang='lat' dir='ltr'>vocare</span> <span class='ocrx_word' id='word_1_346' title='bbox 606 2752 903 2794; x_wconf 82' lang='lat' dir='ltr'>consuescebant,</span> <span class='ocrx_word' id='word_1_347' title='bbox 921 2752 1022 2796; x_wconf 84' lang='lat' dir='ltr'>quasi</span> <span class='ocrx_word' id='word_1_348' title='bbox 1038 2758 1147 2787; x_wconf 74' lang='lat' dir='ltr'>totum</span> <span class='ocrx_word' id='word_1_349' title='bbox 1160 2751 1404 2791; x_wconf 82' lang='lat' dir='ltr'>Timarchum,</span> <span class='ocrx_word' id='word_1_350' title='bbox 1423 2762 1442 2783; x_wconf 85' lang='lat' dir='ltr'>a</span> <span class='ocrx_word' id='word_1_351' title='bbox 1461 2751 1581 2794; x_wconf 84' lang='lat' dir='ltr'>capite</span> <span class='ocrx_word' id='word_1_352' title='bbox 1600 2750 1646 2783; x_wconf 77' lang='lat' dir='ltr'>ad</span> 
     </span>
     <span class='ocr_line' id='line_1_39' title="bbox 177 2805 1644 2854; baseline 0.001 -17"><span class='ocrx_word' id='word_1_353' title='bbox 177 2805 278 2845; x_wconf 87' lang='lat' dir='ltr'>talos,</span> <span class='ocrx_word' id='word_1_354' title='bbox 302 2807 460 2851; x_wconf 82' lang='lat' dir='ltr'>totisque</span> <span class='ocrx_word' id='word_1_355' title='bbox 483 2807 582 2840; x_wconf 83' lang='lat' dir='ltr'>intus</span> <span class='ocrx_word' id='word_1_356' title='bbox 598 2807 766 2840; x_wconf 89' lang='lat' dir='ltr'>medullis</span> <span class='ocrx_word' id='word_1_357' title='bbox 782 2807 1036 2841; x_wconf 86' lang='lat' dir='ltr'>Timarchum:</span> <span class='ocrx_word' id='word_1_358' title='bbox 1064 2807 1171 2854; x_wconf 88' lang='lat' dir='ltr'>cujus</span> <span class='ocrx_word' id='word_1_359' title='bbox 1195 2808 1240 2840; x_wconf 85' lang='lat' dir='ltr'>ad</span> <span class='ocrx_word' id='word_1_360' title='bbox 1262 2816 1382 2839; x_wconf 86' lang='lat' dir='ltr'>mores</span> <span class='ocrx_word' id='word_1_361' title='bbox 1406 2805 1644 2848; x_wconf 82' lang='lat' dir='ltr'>habitumque</span> 
     </span>
     <span class='ocr_line' id='line_1_40' title="bbox 177 2859 1647 2907; baseline 0.001 -16"><span class='ocrx_word' id='word_1_362' title='bbox 177 2859 454 2902; x_wconf 84' lang='lat' dir='ltr'>exprimendum</span> <span class='ocrx_word' id='word_1_363' title='bbox 476 2871 547 2894; x_wconf 91' lang='lat' dir='ltr'>non</span> <span class='ocrx_word' id='word_1_364' title='bbox 559 2861 636 2904; x_wconf 89' lang='lat' dir='ltr'>jam</span> <span class='ocrx_word' id='word_1_365' title='bbox 654 2861 835 2895; x_wconf 81' lang='lat' dir='ltr'>sufficeret</span> <span class='ocrx_word' id='word_1_366' title='bbox 851 2861 996 2907; x_wconf 75' lang='lat' dir='ltr'>simplex</span> <span class='ocrx_word' id='word_1_367' title='bbox 1011 2862 1074 2895; x_wconf 85' lang='lat' dir='ltr'>illa</span> <span class='ocrx_word' id='word_1_368' title='bbox 1088 2865 1124 2896; x_wconf 86' lang='lat' dir='ltr'>et</span> <span class='ocrx_word' id='word_1_369' title='bbox 1142 2860 1296 2906; x_wconf 85' lang='lat' dir='ltr'>protrita</span> <span class='ocrx_word' id='word_1_370' title='bbox 1313 2861 1444 2894; x_wconf 85' lang='lat' dir='ltr'>veteris</span> <span class='ocrx_word' id='word_1_371' title='bbox 1460 2859 1647 2894; x_wconf 83' lang='lat' dir='ltr'>Timarchi</span> 
     </span>
     <span class='ocr_line' id='line_1_41' title="bbox 178 2913 1644 2960; baseline 0.001 -15"><span class='ocrx_word' id='word_1_372' title='bbox 178 2913 381 2957; x_wconf 81' lang='lat' dir='ltr'>appellatio.</span> <span class='ocrx_word' id='word_1_373' title='bbox 430 2916 511 2960; x_wconf 87' lang='lat' dir='ltr'>Ego</span> <span class='ocrx_word' id='word_1_374' title='bbox 536 2926 622 2949; x_wconf 87' lang='lat' dir='ltr'>vero</span> <span class='ocrx_word' id='word_1_375' title='bbox 648 2926 772 2960; x_wconf 83' lang='lat' dir='ltr'>pergo.</span> <span class='ocrx_word' id='word_1_376' title='bbox 820 2916 1006 2951; x_wconf 89' lang='lat' dir='ltr'>Nonnulla</span> <span class='ocrx_word' id='word_1_377' title='bbox 1020 2917 1065 2951; x_wconf 87' lang='lat' dir='ltr'>de</span> <span class='ocrx_word' id='word_1_378' title='bbox 1089 2927 1133 2950; x_wconf 82' lang='lat' dir='ltr'>co</span> <span class='ocrx_word' id='word_1_379' title='bbox 1155 2916 1303 2960; x_wconf 82' lang='lat' dir='ltr'>protulit</span> <span class='ocrx_word' id='word_1_380' title='bbox 1324 2916 1465 2955; x_wconf 61' lang='lat' dir='ltr'>suidas,</span> <span class='ocrx_word' id='word_1_381' title='bbox 1484 2926 1565 2959; x_wconf 75' lang='lat' dir='ltr'>qnae</span> <span class='ocrx_word' id='word_1_382' title='bbox 1584 2916 1644 2947; x_wconf 75' lang='lat' dir='ltr'>vix</span> 
     </span>
     <span class='ocr_line' id='line_1_42' title="bbox 177 2967 1649 3018; baseline 0 -17"><span class='ocrx_word' id='word_1_383' title='bbox 177 2967 261 3002; x_wconf 77' lang='lat' dir='ltr'>alibi</span> <span class='ocrx_word' id='word_1_384' title='bbox 279 2969 459 3013; x_wconf 68' lang='lat' dir='ltr'>leguntur.</span> <span class='ocrx_word' id='word_1_385' title='bbox 508 2973 676 3018; x_wconf 78' lang='grc' dir='ltr'>Τίμαρχος</span> <span class='ocrx_word' id='word_1_386' title='bbox 688 2972 878 3017; x_wconf 78' lang='grc' dir='ltr'>Ἀριζήλου,</span> <span class='ocrx_word' id='word_1_387' title='bbox 896 2974 1036 3016; x_wconf 73' lang='grc' dir='ltr'>ἄσωτος,</span> <span class='ocrx_word' id='word_1_388' title='bbox 1054 2975 1106 3006; x_wconf 74' lang='grc' dir='ltr'>καὶ</span> <span class='ocrx_word' id='word_1_389' title='bbox 1124 2974 1259 3017; x_wconf 72' lang='grc' dir='ltr'>πόρνος,</span> <span class='ocrx_word' id='word_1_390' title='bbox 1273 2974 1308 3006; x_wconf 30' lang='grc' dir='ltr'>ἐι*-</span> <span class='ocrx_word' id='word_1_391' title='bbox 1326 2976 1469 3016; x_wconf 51' lang='lat' dir='ltr'>flegmati</span> <span class='ocrx_word' id='word_1_392' title='bbox 1489 2971 1565 3013; x_wconf 74' lang='grc' dir='ltr'>παρ’</span> <span class='ocrx_word' id='word_1_393' title='bbox 1587 2972 1649 3002; x_wconf 71' lang='grc' dir='ltr'>Εἰ·-</span> 
     </span>
    </p>
   </div>
  </div>
 </body>
</html>
