1965 3322
558 205 641 247 DE
673 202 958 246 AESCHINE
992 203 1298 245 ORATORE.
1545 220 1658 247 xxxv

188 311 372 350 orationis
409 317 679 360 argumentum
711 309 1042 348 accommodatius
1073 310 1323 361 criminisque
1355 311 1660 361 magnitudinem

188 371 483 425 significandam
505 371 730 410 efficacius}
759 371 902 409 Nonne
929 383 1017 410 cum
1036 384 1077 410 se
1097 372 1340 410 moderatum
1369 379 1409 410 et
1427 373 1661 425 ἀπράγμονα

187 440 228 474 et
257 434 481 485 reipublicae
508 438 702 471 amantem
731 431 917 479 ostendit,
939 433 1014 471 sibi
1041 432 1171 471 reddit
1199 433 1396 471 auditores
1426 434 1663 473 benevolos?

187 497 287 536 Cum
313 494 540 547 reipublicae
564 493 781 544 periculum
805 507 828 532 a
855 494 1066 532 Timarcho
1087 494 1286 533 imminere
1307 494 1439 541 docet,
1461 498 1661 536 attentos?

186 558 300 605 Cum,
322 557 373 596 de
392 555 533 607 quibus
554 555 603 593 sit
623 554 815 605 dicturus,
835 554 976 606 aperit,
1000 555 1179 594 dociles?
1232 557 1335 595 Tum
1365 557 1488 595 altera
1512 557 1663 595 exordii

185 633 291 672 pars,
313 633 400 670 quae
421 617 594 670 pertinet
621 617 672 656 ad
699 617 820 656 verba
841 619 902 655 καὶ
925 618 1025 669 ὑμᾶς
1045 621 1168 657 αὐτῶν
1188 620 1278 667 (τῶν
1297 621 1438 670 νόμων)
1448 620 1662 667 ἐπέστησαν

185 682 370 735 φύλακας,
400 679 468 719 ubi
494 679 775 719 democratiam
796 679 928 731 legum
958 681 1194 720 auctoritate
1221 680 1366 728 fulciri,
1388 681 1577 720 malorum
1604 681 1661 720 ci-

185 743 288 782 vium
310 742 434 794 poenis
460 742 511 781 ab
538 741 697 781 interitu
717 741 918 789 vindicari,
939 747 980 780 et
1004 742 1249 793 legislatores
1277 742 1418 781 civium
1439 743 1659 794 disciplinae

183 805 389 844 maximam
411 817 563 856 semper
581 817 713 843 curam
734 804 901 854 gessisse
920 804 1055 850 docet,
1075 805 1131 843 ita
1147 818 1222 843 non
1237 805 1364 843 solum
1377 810 1470 856 apte
1483 805 1659 844 cohaeret

182 880 271 905 cum
284 867 435 918 reliqua
450 867 640 914 oratione,
657 866 723 905 sed
743 872 783 905 et
799 866 901 905 hanc
917 865 1140 917 opinionem
1158 866 1197 904 in
1211 866 1417 917 judicibus
1438 866 1596 913 excitat,
1616 873 1660 905 ut

181 934 336 978 putent,
369 943 412 968 se
444 942 522 967 non
554 928 604 967 de
638 929 764 967 salute
793 927 908 966 unius
937 928 1120 975 hominis,
1145 928 1215 968 sed
1236 928 1286 967 de
1307 929 1488 967 libertate
1508 941 1658 979 suaque

180 990 352 1041 ipsorum
379 990 503 1030 salute
524 990 722 1041 judicare.
780 990 826 1028 In
846 990 1023 1028 oratione
1044 990 1095 1028 de
1115 989 1214 1029 falsa
1240 990 1435 1041 legatione
1456 990 1588 1029 statim
1608 990 1659 1028 ab

180 1052 294 1092 initio
321 1053 496 1104 judices,
526 1052 796 1105 magnitudine
827 1052 993 1103 periculi
1024 1052 1084 1090 sui
1113 1058 1154 1092 et
1183 1052 1396 1091 adversarii
1426 1052 1595 1091 audacia
1621 1058 1662 1092 et

180 1114 416 1155 crudelitate
450 1115 770 1163 demonstranda,
801 1115 842 1153 in
873 1128 961 1153 suas
999 1121 1134 1166 partes
1167 1116 1301 1163 trahit,
1334 1118 1535 1155 sententiis
1563 1130 1585 1156 e
1617 1130 1659 1155 re

181 1176 282 1214 natis
311 1183 352 1214 et
379 1176 539 1215 utilibus
563 1177 698 1223 docet,
725 1176 984 1216 Demostheni
1013 1177 1135 1216 fidem
1168 1177 1347 1229 derogat,
1377 1179 1573 1230 παράδοξα
1605 1179 1660 1217 di-

179 1237 307 1276 cendo
319 1238 479 1289 judices
492 1238 622 1278 reddit
641 1244 828 1285 attentos,
858 1238 1019 1277 crimina
1040 1239 1171 1292 diluit,
1192 1239 1380 1279 fiduciam
1400 1253 1484 1291 prae
1505 1254 1547 1278 se
1566 1239 1658 1289 fert,

177 1299 440 1339 accusationis
469 1300 565 1339 vitia
595 1299 782 1346 ostendit,
803 1306 843 1339 et
873 1314 913 1339 se
938 1300 990 1339 ad
1019 1302 1148 1340 omnia
1168 1301 1358 1353 deinceps
1377 1315 1658 1353 responsurum

177 1361 383 1411 promittit.
420 1363 559 1402 Restat
577 1362 737 1401 tertium
755 1361 959 1401 exordium
981 1363 1169 1403 orationis
1188 1370 1326 1402 contra
1343 1364 1658 1416 Ctesiphontem.

177 1422 258 1467 Qui
275 1423 352 1462 hoe
371 1424 589 1470 exordium,
610 1427 660 1468 ὡς
678 1425 859 1476 τραγικὸν
879 1427 942 1462 καὶ
961 1426 1132 1477 περιττὸν
1152 1428 1211 1464 καὶ
1230 1426 1396 1479 ἐπιλόγῳ
1414 1429 1567 1478 μᾶλλον
1587 1427 1658 1464 ἔοι-

177 1484 239 1528 κὸς
259 1485 607 1536 reprehenderunt‚
626 1489 678 1534 (v.
699 1486 936 1537 argument.)
963 1486 989 1524 ii
1020 1500 1093 1526 nec
1122 1487 1306 1526 videntur
1334 1488 1528 1539 cogitasse
1548 1487 1657 1526 aliud

176 1546 379 1585 exordium
400 1547 610 1586 convenire
633 1548 887 1586 vehementiae
914 1550 1137 1588 accusantis
1169 1556 1210 1588 et
1237 1549 1489 1589 defendentis
1519 1550 1656 1589 mode-

175 1606 273 1653 stiae,
287 1620 360 1646 nec
374 1607 611 1646 intellexisse
629 1621 730 1659 opus
749 1608 882 1654 fuisse,
895 1615 939 1647 ut
953 1616 1086 1648 orator
1103 1611 1252 1649 crimen
1261 1618 1435 1662 augeret.
1459 1613 1536 1651 Res
1554 1612 1655 1650 enim

177 1669 216 1707 in
237 1674 346 1707 tanta
364 1669 594 1720 reipublicae
613 1669 909 1719 perturbatione
928 1677 968 1708 et
995 1673 1286 1711 calamitatibus
1313 1673 1596 1724 negligebatur,
1617 1680 1656 1712 et

178 1729 479 1777 Demosthenes,
502 1743 619 1781 quem
639 1736 849 1769 accusator
876 1733 1040 1771 maxime
1061 1734 1236 1784 petebat,
1257 1735 1311 1773 ob
1333 1747 1473 1786 magna
1493 1736 1532 1773 in
1554 1749 1654 1774 rem-

174 1791 376 1843 publicam
403 1791 593 1831 beneficia
619 1799 659 1831 et
687 1792 955 1843 eloquentiam
983 1794 1233 1845 diligebatur.
1292 1796 1399 1848 Ergo
1427 1810 1527 1848 opus
1557 1804 1654 1842 erat,

175 1857 221 1891 ut
241 1853 446 1893 AEschines
469 1854 710 1892 omnimodo
731 1854 877 1892 crimen
905 1862 1067 1907 augeret
1093 1863 1133 1895 et
1159 1858 1390 1909 reipublicae
1418 1860 1582 1898 salutem
1615 1859 1653 1897 in

174 1927 307 1955 severe
319 1915 549 1966 judicandis
568 1917 800 1968 παρανόμων
820 1923 991 1969 γραφαῖς
1011 1918 1178 1970 positam
1199 1933 1285 1959 esse
1303 1920 1476 1961 doceret.

729 2055 760 2097 S
781 2055 874 2108 Ee
889 2055 946 2097 T.
997 2056 1089 2100 III.

739 2147 806 2186 De
825 2148 1071 2187 narratione.

227 2231 410 2270 Narratio
438 2238 500 2271 est
518 2232 575 2270 rei
593 2237 713 2282 gestae
733 2233 784 2272 ad
806 2234 1072 2285 cognitionem
1098 2249 1227 2275 causae
1256 2244 1296 2276 et
1316 2237 1484 2277 dicentis
1504 2238 1649 2279 utilita-

174 2301 252 2334 tem
271 2299 498 2346 comparata
516 2294 742 2346 explicatio.
797 2295 845 2334 In
867 2296 922 2335 eis
944 2303 1035 2336 sunt
1064 2298 1262 2349 quaedam,
1294 2299 1362 2338 ubi
1387 2306 1522 2339 orator
1550 2301 1649 2341 nihil

172 2356 248 2395 nisi
267 2362 400 2408 partes
419 2357 475 2396 rei
495 2362 617 2408 gestae
643 2358 885 2398 necessarias
905 2359 1074 2398 breviter
1095 2368 1135 2399 et
1153 2361 1362 2413 perspicue
1382 2362 1572 2415 deinceps
1590 2377 1649 2403 or-

173 2417 266 2458 dine
285 2419 458 2472 exponit,
479 2419 580 2467 aliae,
599 2419 649 2459 ad
669 2433 768 2472 quas
790 2421 865 2460 sibi
885 2422 1174 2473 praeparatione
1194 2425 1417 2464 auditorum
1437 2426 1540 2465 viam
1562 2441 1646 2466 mu-

171 2480 245 2528 nit,
272 2481 550 2533 impedimenta
576 2489 764 2531 removet,
784 2484 1023 2536 argumentis
1043 2485 1262 2537 interjectis
1282 2486 1426 2534 firmat,
1448 2489 1648 2528 sententiis

170 2543 350 2591 illustrat,
371 2544 546 2584 moribus
565 2544 826 2585 admiscendis
851 2547 1080 2598 probabiles
1109 2554 1151 2587 et
1172 2548 1374 2599 jucundas
1402 2550 1546 2597 reddit,
1577 2551 1646 2590 ad·

170 2606 430 2646 versariorum
449 2607 613 2647 crimina
631 2616 763 2661 auget,
783 2615 825 2649 et
842 2610 948 2649 omni
967 2611 1086 2650 modo
1106 2611 1256 2652 utiliter
1275 2613 1324 2652 ad
1341 2626 1499 2652 causam
1519 2621 1645 2654 ornat.

171 2666 238 2706 Sic
253 2668 295 2706 in
314 2669 490 2708 oratione
505 2669 557 2708 de
575 2670 673 2709 falsa
693 2671 888 2722 legatione
908 2673 1130 2712 narratione
1150 2674 1322 2726 simplici
1342 2682 1382 2714 et
1406 2682 1544 2727 aperta
1573 2677 1645 2715 do-

172 2734 250 2776 cet,
267 2743 348 2769 non
366 2744 424 2782 se,
454 2732 525 2771 sed
545 2732 809 2773 Philocratem
828 2740 869 2773 et
898 2735 1204 2776 Demosthenem
1226 2743 1408 2777 auctores
1429 2739 1537 2789 pacis
1554 2752 1644 2778 cum

175 2789 357 2844 Philippo
379 2793 515 2833 fuisse.
570 2795 669 2834 Mox
698 2795 790 2835 huic
819 2797 1032 2836 narrationi
1056 2798 1182 2838 nectit
1205 2799 1319 2837 aliam
1346 2800 1576 2839 instructam
1604 2807 1645 2839 et

175 2859 349 2893 ornatam
375 2854 426 2894 de
455 2856 515 2904 iis,
541 2869 630 2908 quae
657 2857 765 2896 facta
791 2864 904 2897 erant
924 2872 946 2898 a
965 2859 1001 2897 X
1024 2860 1098 2898 illis
1120 2861 1259 2912 legatis
1279 2862 1328 2900 ad
1348 2862 1571 2914 Philippum
1593 2863 1644 2901 de

175 2914 281 2954 bello
298 2919 573 2969 componendo
599 2920 736 2967 missis,
758 2920 848 2960 inde
875 2921 927 2960 ab
951 2922 1087 2961 itinere
1116 2923 1167 2961 ad
1189 2923 1423 2974 legationem
1446 2938 1573 2976 usque
1592 2925 1642 2962 ad

173 2975 341 3016 reditum
367 2985 408 3017 et
424 2979 628 3031 legationis
646 2982 819 3022 redditas
844 2983 1008 3022 Athenis
1036 2983 1220 3025 rationes.
1277 2986 1495 3026 Consilium
1523 2986 1642 3036 hujus
