1982 3340
540 422 961 467 CHRISTIANI
1015 426 1195 469 FRID.
1244 426 1594 477 MATTHAEI,

1013 547 1056 573 A.
1079 547 1126 571 M.

738 635 995 674 LIBELLUS
1032 636 1396 676 ACADEMICUS

1047 759 1091 778 DE

415 837 1015 893 AESCHINE
1110 840 1710 896 ORATORE

687 966 817 991 LIPSIAE
836 967 872 992 D.
892 967 990 992 XVII.
1009 967 1150 992 MARTII
1172 967 1207 992 A.
1227 967 1430 994 MDCCLXX.

594 1051 665 1084 AD
720 1051 1139 1086 DISCEPTANDUM
1195 1052 1527 1088 PROPOSITUS.

973 1176 1144 1184 -—-—-—.

935 1263 1107 1306 SECT.
1141 1265 1179 1307 Ι.

321 1359 389 1394 AD
423 1355 524 1393 hanc
556 1355 606 1393 de
640 1355 823 1393 AEschine
849 1361 1003 1392 oratore
1034 1354 1343 1406 disputationem
1373 1358 1424 1395 ab
1455 1358 1791 1397 Halicarnasseusi

321 1418 514 1468 Dionysio
534 1417 644 1456 ducti
664 1417 922 1468 pervenimus,
965 1418 1064 1456 Cum
1085 1419 1186 1456 enim
1207 1419 1563 1466 constituissemus,
1586 1421 1790 1458 humanio-

318 1493 404 1518 rum
426 1481 638 1518 litterarum
660 1487 810 1531 partem
833 1482 1004 1534 aliquam
1026 1489 1207 1530 tractare,
1230 1489 1268 1521 et
1287 1481 1335 1519 de
1357 1489 1587 1531 argumento
1613 1483 1791 1533 disputa-

318 1542 415 1580 tioni
442 1543 584 1580 idoneo
605 1542 920 1590 deliberaremus,
943 1559 989 1582 eo
1021 1545 1184 1584 consilio
1215 1543 1448 1594 Dionysium
1478 1544 1729 1590 accessimus,
1761 1544 1791 1581 si

316 1617 518 1654 possemus
540 1604 707 1653 reperire
727 1605 871 1651 locum,
895 1606 933 1643 in
955 1620 1034 1656 quo
1056 1607 1243 1656 cogitatio
1265 1612 1303 1642 et
1325 1605 1497 1642 studium
1517 1612 1791 1643 nostrumnon

318 1667 477 1704 omnino
509 1667 696 1704 inutiliter
726 1675 1001 1719 occuparetur.
1058 1669 1151 1707 Non
1181 1667 1321 1707 fefellit
1341 1667 1580 1717 opinionem,
1605 1681 1718 1717 quam
1741 1667 1790 1705 de

317 1741 365 1765 eo
404 1741 725 1779 conceperamus,
763 1730 829 1767 sed
870 1729 1027 1767 dicendi
1068 1731 1245 1767 urbe-rem
1284 1729 1484 1765 materiam
1523 1729 1790 1779 suppeditavit

317 1790 518 1841 scriptoris
567 1791 842 1840 elegantissimi
885 1792 990 1830 varia
1029 1798 1068 1830 et
1106 1793 1266 1843 copiosa
1306 1790 1498 1830 doctrina.
1569 1791 1786 1842 Selegimus

317 1853 542 1890 AEschinem
564 1861 769 1899 oratorem,
800 1855 863 1892 cui
894 1868 981 1892 cum
1010 1854 1277 1893 Demosthene
1297 1859 1337 1892 et
1362 1853 1564 1904 Hyperide
1591 1853 1788 1904 principa-

314 1921 396 1952 tum
423 1915 657 1964 eloquentiae
686 1915 839 1962 detulit,
874 1922 913 1953 et
943 1916 1086 1966 quibus
1120 1908 1372 1967 argumentis
1393 1915 1588 1953 adductus
1622 1915 1722 1953 hanc
1753 1915 1789 1954 ei

314 1975 471 2013 laudem
508 1976 701 2023 tribuerit,
734 1977 773 2014 in
808 1978 976 2015 animum
1011 1978 1233 2016 induximus
1265 1978 1511 2026 investigare,
1567 1978 1667 2024 Jam,
1697 1991 1785 2015 cum

315 2038 479 2075 oratoris
508 2038 676 2076 facultas
696 2039 734 2076 in
755 2039 910 2078 duobus
930 2045 1117 2086 versetur,
1140 2040 1268 2078 verbis
1288 2046 1327 2077 et
1353 2040 1482 2084 rebus,
1504 2052 1655 2076 omnem
1686 2040 1786 2077 hanc

314 2102 364 2139 de
386 2101 568 2140 AEschine
596 2102 903 2153 disputationem
934 2103 972 2140 in
1001 2104 1098 2141 duas
1120 2102 1390 2141 distribuimus
1421 2107 1565 2152 partes,
1595 2108 1635 2139 et
1661 2102 1784 2151 primo

314 2165 401 2201 loco
422 2164 673 2215 exposuimus
701 2165 750 2203 de
779 2165 1013 2211 elocutione,
1043 2165 1219 2203 secundo
1247 2166 1287 2203 τὸ
1307 2163 1569 2216 πραγματικὸν
1589 2163 1784 2201 examina-

315 2239 447 2264 vimus.

910 2308 1082 2350 SECT.
1126 2308 1190 2349 II.

717 2405 784 2442 De
806 2408 1094 2457 perspicuitate
1113 2412 1149 2445 et
1173 2407 1379 2447 evidentia.

364 2490 457 2528 Nou
487 2490 635 2540 patitur
664 2504 725 2528 res
755 2493 932 2543 exempla
962 2493 1255 2544 perspicuitatis
1288 2506 1518 2538 recensere;
1561 2493 1630 2531 sed
1660 2492 1780 2531 ausim

309 2558 438 2590 tamen
460 2565 692 2598 asseverare,
710 2567 812 2601 eum,
834 2555 900 2605 qui
922 2556 1191 2601 Demostheni,
1209 2557 1354 2594 oratori
1375 2556 1604 2602 clarissimo,
1621 2555 1660 2593 in
1679 2568 1725 2593 ea
1739 2568 1781 2593 re

309 2614 594 2666 adversaretur,
623 2616 949 2655 studiosissimum
982 2632 1066 2656 esse
1097 2619 1279 2656 debuisse
1311 2619 1437 2657 omnis
1468 2617 1777 2668 perspicuitatis,

309 2689 398 2726 quae
419 2690 440 2714 a
461 2677 577 2715 rebus
597 2678 744 2728 argutis
766 2679 948 2725 abstinet,
967 2680 1095 2717 verbis
1117 2680 1238 2718 utitur
1257 2681 1371 2726 notis,
1392 2686 1430 2718 et
1445 2680 1702 2718 collocatione
1722 2691 1781 2726 ea,

308 2753 397 2790 quae
420 2741 547 2778 ordini
567 2747 606 2779 et
626 2748 775 2779 naturae
795 2749 855 2779 est
874 2743 1123 2781 conveniens.
1179 2743 1310 2793 Atque
1332 2743 1417 2780 llaec
1438 2741 1625 2780 orationis
1640 2741 1778 2787 virtus,

308 2801 486 2851 quamvis
505 2802 540 2839 ei
561 2816 718 2852 operam
750 2803 841 2841 dare
871 2803 1015 2842 debeat
1046 2810 1191 2848 orator,
1222 2809 1338 2841 tenue
1368 2810 1499 2841 tamen
1529 2808 1569 2840 et
1597 2802 1778 2853 exiguum

307 2865 512 2914 praemium
535 2865 770 2916 laudemque
797 2865 929 2903 habet.
987 2866 1116 2915 Magis
1148 2865 1251 2903 enim
1284 2865 1330 2912 is,
1362 2864 1430 2916 qui
1464 2878 1543 2903 rem
1568 2864 1777 2916 perspicue

306 2925 439 2970 tradit,
462 2925 558 2963 vitio
578 2927 830 2965 obscuritatis
849 2927 1004 2965 videtur
1024 2940 1169 2973 carere,
1199 2941 1318 2978 quam
1338 2927 1481 2965 virtute
1501 2926 1634 2977 aliqua
1652 2925 1778 2964 excel-

305 2987 399 3034 lere,
415 3002 461 3025 ex
478 3002 556 3039 qua
575 2989 798 3028 auditorum
820 2990 1027 3029 admiratio
1048 2997 1087 3029 et
1107 2991 1277 3029 studium
1300 2990 1460 3035 oriatur,
1484 2998 1525 3028 ut
1546 2996 1695 3036 contra,
1712 2988 1779 3038 qui
