1916 3340
294 198 406 262 296
633 210 964 258 1.'TAYLOR1
999 213 1320 259 PRAEFATm
1354 219 1434 260 ec.

349 326 393 362 In
408 324 584 376 Epistola
603 325 672 364 IV.
691 325 848 364 Homini
869 324 1110 370 Atheniensi,
1130 330 1170 363 et
1186 324 1472 374 Condiscipulo
1489 337 1572 372 suo,
1593 320 1704 377 quasi
1720 326 1760 364 id

293 386 496 434 nescienti,
516 401 711 438 exponere
728 387 967 438 aggreditur,
990 387 1077 437 quis
1099 393 1139 425 et
1159 386 1286 437 qualis
1303 385 1419 424 fuerit
1439 387 1458 424 ὁ
1481 385 1762 439 ἓρυλλούμενος

293 449 497 487 Pindarus.
552 451 614 488 An
650 449 689 487 id
720 451 878 495 GraecQ
899 462 1037 499 neque,
1068 454 1112 486 ut
1142 449 1314 493 videtur,
1347 448 1557 496 inerudito,
1584 449 1761 500 ignotum

292 523 376 549 esse
396 511 551 562 potuit?
608 512 788 555 Quonam
819 524 909 548 vero
943 510 1061 548 modo
1095 510 1134 548 id
1170 511 1372 561 exponat?
1428 509 1676 556 Memineris,
1707 510 1762 548 ait

290 572 370 615 ille,
409 573 458 610 Te
488 573 534 611 de
567 574 642 610 isto
677 573 818 618 Poeta,
849 572 920 610 sub
941 572 1110 623 plagoso
1142 572 1312 618 Orbz’lio,
1338 573 1406 623 qui
1432 577 1608 609 nostram
1645 571 1764 610 simul

282 636 502 683 pueritiam
522 639 688 680 rexerat,
709 633 864 685 aliquid
888 634 1150 674 inaudivisse.-
1180 633 1282 680 Aut,
1303 635 1339 672 si
1364 633 1411 673 id
1434 639 1470 671 te
1485 634 1664 685 fugerit,
1685 646 1760 671 me·

288 697 450 734 mineris
480 697 616 734 saltem
651 695 939 747 llIelam'ppum,
974 695 1152 733 rabulam
1189 700 1225 734 et
1263 695 1570 742 declamatorem,
1603 695 1760 746 insigne

287 758 399 797 istud
415 760 514 810 ῥῆμα
533 763 569 796 et
589 758 819 796 versicnlmn
841 757 1021 796 Pindari
1039 760 1082 795 de
1102 757 1283 796 laudibus
1302 757 1562 803 Athenarum,
1583 769 1759 807 saepenu-

288 831 391 857 mero
424 821 465 856 in
500 818 758 857 Conciom'lms
783 821 944 869 jactare
978 832 1055 857 esse
1093 818 1264 857 solitum.
1323 819 1386 858 Sic
1419 825 1536 857 notus
1569 819 1756 870 Ulysses!

288 881 378 918 Non
400 881 529 931 potuit
550 880 725 931 putidius
746 880 911 931 aliquid,
931 886 999 918 aut
1021 885 1326 933 σοφιστικώτερον
1346 880 1575 931 excogitari.

343 943 449 980 Ecce
479 955 571 980 vero
602 941 752 992 Ingenii
773 943 1012 993 Mor-umque
1033 942 1350 993 Sophisticorum
1370 943 1591 992 perillustre
1613 942 1758 980 Monu-

286 1006 485 1042 mentum!
534 1005 691 1042 Norunt
726 1017 872 1049 omnes,
894 1005 1065 1042 Gentem
1093 1004 1218 1050 istam,
1240 1010 1384 1056 praeter
1413 1009 1582 1053 ceteros,
1603 1016 1758 1054 semper

285 1067 403 1104 fuisse
423 1067 460 1104 in
483 1081 522 1105 re
539 1067 664 1104 aliena
681 1066 893 1117 profusam,
912 1067 949 1104 in
967 1080 1034 1104 sua
1054 1079 1226 1118 parcam,
1243 1066 1439 1105 sordidam
1457 1072 1497 1104 et
1514 1066 1757 1106 illiberalem.

286 1129 337 1166 Et
358 1130 441 1179 Ego
461 1142 507 1166 eo
528 1129 585 1166 vel
608 1128 723 1166 unico
744 1136 973 1178 argumento
999 1128 1167 1175 innixus,
1189 1128 1324 1179 quovis
1354 1128 1516 1179 pignore
1542 1128 1758 1167 contende-

286 1205 381 1239 rem,
401 1192 451 1229 ab
472 1191 667 1229 umbratili
688 1191 766 1237 illa,
780 1204 895 1241 quam
918 1191 1023 1238 dico,
1041 1191 1197 1237 Schola,
1216 1191 1301 1229 haec
1317 1190 1448 1229 omnia
1463 1204 1547 1228 esse
1562 1190 1758 1241 profecta,

285 1261 404 1304 atque
425 1254 474 1292 ab
499 1254 547 1291 iis
569 1254 782 1305 Magistris‚
805 1253 873 1304 qui
893 1256 959 1299 τὴν
978 1254 1118 1299 Θύλον,
1137 1260 1178 1292 ut
1200 1253 1357 1300 dicitur,
1380 1254 1506 1292 solent
1520 1259 1755 1305 προσκυνεῖν.

286 1317 442 1367 Hospes
471 1316 627 1366 quidam
657 1315 849 1361 Rhodius,
871 1322 914 1353 ut
946 1315 1112 1365 legimus
1143 1317 1182 1352 in
1209 1315 1346 1366 quinta
1365 1315 1559 1367 Epistola,
1580 1315 1755 1352 AEschini

285 1385 420 1416 nostro
453 1383 600 1415 tantam
628 1377 811 1415 frumenti
849 1377 939 1422 vim,
975 1377 1245 1415 liberalissimo
1280 1377 1439 1427 quidem
1478 1377 1621 1422 animo,
1652 1377 1756 1415 misit

285 1440 405 1486 dom,
442 1447 625 1489 quantam
659 1439 813 1489 Populo
847 1438 1155 1476 Cothocidarum
1185 1438 1379 1487 universo,
1409 1439 1449 1476 id
1478 1444 1551 1486 est,
1573 1439 1755 1490 δημόταις

285 1503 365 1540 suis
397 1502 465 1552 qui
495 1507 604 1539 erant
636 1500 819 1546 Athenis,
848 1500 1024 1538 sufficere
1059 1500 1236 1550 potuisse
1275 1500 1523 1539 existimaret.
1580 1500 1658 1539 Hic
1689 1501 1755 1540 ille

283 1571 356 1610 est,
389 1577 503 1615 quem
525 1577 616 1601 vero
637 1563 770 1601 dicere
800 1562 924 1613 possis
942 1562 1039 1613 frui
1066 1563 1164 1601 Diis
1194 1564 1325 1609 iratis,
1345 1568 1388 1600 ut
1421 1561 1597 1612 loquitur
1621 1563 1754 1603 Poeta.

285 1626 392 1671 Quid
415 1626 486 1663 Ille
515 1625 678 1671 interea,
701 1638 790 1662 cum
817 1637 886 1661 sua
915 1622 1129 1662 liberalitas
1150 1630 1234 1663 erat
1254 1624 1545 1675 expromenda?
1599 1624 1755 1676 Nempe

283 1689 428 1727 Rhodo
449 1689 636 1733 Athenas,
657 1687 793 1726 itin-ere
820 1700 899 1725 non
928 1687 1137 1725 admodum
1168 1688 1323 1738 exiguo,
1346 1687 1541 1726 scriblitas
1562 1688 1753 1738 quasdam

283 1757 321 1789 et
342 1751 556 1802 placentas,
579 1763 740 1800 quarum
762 1754 985 1788 comestura
1006 1763 1046 1787 se
1068 1762 1303 1800 magnopere
1330 1749 1517 1788 delectari
1532 1749 1753 1801 profitetur,

284 1826 422 1851 munus
443 1812 646 1850 diobolare
667 1812 757 1858 sere,
781 1819 819 1849 et
839 1811 1183 1858 contemnendum,
1201 1811 1248 1849 ad
1264 1812 1429 1849 amicum
1445 1812 1576 1850 mittit.
1632 1812 1752 1850 Haeee

283 1878 370 1915 cine
388 1877 464 1926 ille,
485 1877 551 1926 qui
569 1875 737 1915 conferri
754 1889 841 1913 cum
856 1875 1137 1924 Demosthene,
1154 1882 1194 1912 et
1215 1888 1301 1913 cum
1323 1887 1370 1912 eo
1386 1874 1574 1925 congredi
1595 1875 1752 1924 potuit‘l

283 1940 371 1976 Hoc
392 1952 518 1976 annon
542 1938 671 1989 potius
694 1938 886 1975 barbatuli
914 1936 1078 1986 alicujus
1105 1936 1377 1975 declamatoris
1402 1936 1521 1975 fuisse
1542 1936 1753 1984 existimes,

283 2014 398 2052 quam
415 2002 531 2047 illius,
554 2001 623 2051 qui
643 2000 869 2039 fulminibus
884 1998 1201 2037 Demostheni-:is
1220 2000 1498 2050 ἀντοφθαλμεῖν
1519 2005 1558 2036 et
1577 2004 1749 2048 poterat,

282 2070 321 2101 et
343 2063 510 2101 soleret!

338 2125 438 2163 Haee
458 2125 668 2163 delibanda
691 2139 774 2163 esse
790 2125 968 2174 judicavi
987 2139 996 2163 t
1028 2130 1158 2162 cetera
1178 2136 1371 2173 exsequor
1397 2122 1446 2161 ad
1476 2123 1560 2173 ipsa
1587 2122 1689 2170 loca⁷
1709 2123 1750 2160 in

283 2187 426 2238 quibus
447 2187 663 2226 istiusmodi
687 2201 798 2238 nuga}
821 2187 1090 2225 meracissimae
1113 2191 1335 2224 occurrunt.
1365 2185 1579 2224 TAYLOR.
