1899 3322
403 171 489 216 AD
522 171 620 216 OR.
653 171 718 215 IN
752 169 1251 214 CTESIPHONTEM.
1459 155 1570 211 365

96 272 155 302 que
170 265 362 293 senectutem
377 262 553 299 extrahere,
575 263 673 293 donec
696 272 714 292 a
736 266 818 292 statu

94 309 212 336 naturae
247 305 386 336 humanae
414 306 582 342 desciscas,
611 316 680 345 quae
709 309 819 336 natura

93 358 144 378 res
157 359 306 389 quasque,
320 359 395 389 quas
407 349 506 385 effert,
518 359 619 384 veras,
633 352 746 385 rectas,
759 349 814 378 de·

95 402 196 428 σοι-35,
228 393 403 433 praeclaras,
429 392 592 428 salutares,
619 391 732 432 finique
759 402 815 423 suo

93 440 314 466 consentaneas
328 436 427 466 effert.
449 438 534 475 γῖξας
547 434 672 474 aliquod
693 439 739 465 est
761 435 816 465 de-

93 488 212 515 corum,
237 484 413 515 venustum,
438 478 580 514 amabile,
601 478 720 517 gerenti
751 477 815 518 ipsi

93 521 176 552 haud
195 532 300 562 grave,
315 533 414 561 neque
437 522 506 552 aliis
528 521 707 558 molestum,
726 531 816 560 pror-

93 574 146 594 sus
168 565 291 596 homine
314 565 453 605 dignum.
478 565 539 595 hoc
562 575 652 605 agere
668 570 717 594 est
732 566 816 605 γηρά-

91 618 177 638 σκειν.
184 609 240 638 sed
249 608 476 650 wagaynpa'wneav
485 612 533 639 est
541 619 702 639 senescere
712 619 816 644 secus,

92 661 183 690 quam
203 652 345 688 decebat,
359 656 411 682 aut
433 651 632 693 expediebat.
676 652 716 682 Id
733 652 816 691 quod

92 693 184 734 hujus
210 695 274 725 loci
299 694 451 725 sententia
476 695 626 735 postulat.
650 696 818 736 καταγηςίι-

92 747 170 768 σκειν
190 743 291 768 autem
311 744 373 774 est,
396 743 586 769 senectutem
596 738 722 778 degere,
739 739 769 768 h.
787 749 815 768 e.

93 790 199 820 agere,
229 781 315 811 obire
339 788 370 811 et
392 782 568 819 absolvere,
597 783 681 822 quod
711 792 729 812 a
753 782 817 812 loci

94 823 247 854 sententia
262 830 311 856 est
326 825 470 856 alienum.

135 867 163 907 §.
176 867 240 907 4γῖ
256 879 289 908 p.
305 870 381 899 287.
397 880 426 899 v.
443 871 474 899 8.
490 869 610 900 Locum
630 868 710 898 hune
733 867 759 898 si
774 868 818 899 le-

92 921 149 951 gas
169 911 272 942 minus
289 917 436 948 attentus,
458 911 502 942 nil
524 912 554 943 ei
574 912 699 943 videtur
715 911 818 943 inesse

91 954 176 990 vitii,
192 965 309 986 morem
329 960 433 986 autem
460 961 616 986 oratorum
642 955 818 987 Atticorum

93 997 121 1028 si
143 1003 260 1035 teneas,
285 1003 377 1037 atque
398 1000 585 1036 recorderis,
607 999 769 1039 praemisso
791 998 819 1036 ἲς

93 1041 303 1081 subjungendi
315 1039 404 1079 οὗτος,
419 1043 510 1074 facile
525 1043 629 1073 venias
643 1043 673 1073 in
685 1043 819 1084 suspici-

93 1094 195 1120 onem,
212 1091 283 1123 post
297 1086 386 1121 αἴτιος
401 1087 432 1118 h.
448 1086 470 1117 l.
490 1087 600 1117 deesse
616 1085 652 1121 δ’ς.

137 1127 164 1168 §.
181 1127 241 1167 ξδ’.
256 1140 289 1169 p.
304 1132 380 1162 288.
398 1141 428 1161 v.
444 1133 476 1161 8.
490 1130 572 1172 ὠσὶν]
601 1131 690 1161 Bene
713 1130 818 1168 habet,

93 1172 264 1210 cohaerens,
279 1184 341 1205 non
357 1184 428 1205 cum
442 1173 666 1214 διαβλέψαντες,
679 1175 735 1205 sed
748 1185 818 1205 eum

852 258 1061 297 6ουλεύσασὲε,
1077 270 1146 289 cum
1165 271 1226 299 quo
1243 259 1334 291 etiam
1350 258 1573 300 ἀποβλέψαντες

852 315 943 335 versu
959 308 1103 343 antepen.
1119 303 1264 334 cohaeret.

894 347 973 383 ibid,
991 357 1020 377 v,
1039 348 1069 377 9.
1084 343 1207 386 ὄμμασι
1222 345 1447 388 διαβλέψαντες]
1465 347 1573 378 Malim

850 388 987 430 ὄμμασιν
1001 389 1030 420 οὐ
1043 389 1141 422 διαβλ.
1157 388 1198 419 ob
1212 389 1379 429 insequens
1393 388 1463 420 ἀλλ’
1477 391 1514 425 εἷς
1525 392 1575 422 τῆν

850 432 938 474 ἀλαζ.
951 444 1008 463 non
1023 443 1074 472 per
1086 443 1132 463 vos
1143 433 1215 471 ipsos
1226 433 1403 463 solummodo
1414 434 1574 476 circuny'e-

849 483 946 507 rentes
956 477 1062 512 oculas,
1075 476 1124 506 sed
1136 476 1225 505 etiam
1236 493 1279 499 ——-
1290 487 1350 506 non
1365 477 1491 507 auribus
1507 488 1573 507 mo-

851 520 904 556 do,
919 521 975 550 sed
991 520 1092 549 oculis
1107 529 1229 558 quoque
1250 519 1280 549 in
1304 519 1463 549 consilium
1487 520 1574 551 adhi-

851 563 926 593 bitis
941 563 1124 599 deliberate,
1137 573 1235 602 neque
1246 567 1370 593 vosmet
1384 563 1575 594 solummodo

851 606 1025 642 intuemini,
1047 607 1102 637 sed
1127 606 1221 636 etiam
1247 606 1469 637 Demosthenis
1491 607 1575 637 inso-

851 650 989 680 lentiam.

895 694 972 724 ibid.
996 704 1027 724 v.
1045 694 1096 723 14.
1117 691 1325 734 διατετέλεκεν]
1350 692 1449 722 Deest
1469 693 1573 723 Mead.

853 741 884 768 et
913 736 1004 767 facile
1030 735 1131 776 possit
1160 736 1274 772 omitti,
1300 746 1368 765 cum
1397 736 1575 776 proximum

852 779 1047 819 διαγεγένηται
1062 779 1202 810 sufficiat.
1246 780 1364 810 Verum
1382 780 1506 810 affectat
1519 779 1576 809 AE-

853 824 988 860 schines,
1004 829 1046 859 et,
1070 825 1153 862 quod
1169 823 1291 854 mireris
1303 823 1411 862 magis,
1427 823 1494 862 ipse
1514 824 1576 862 Ly-

854 868 930 905 sias,
952 867 1115 897 brevitatis
1138 867 1191 897 ille
1213 866 1470 903 studiosissimus,
1494 867 1577 906 ejus-

853 911 938 942 modi
953 910 1188 941 redundantiam
1204 910 1391 940 isocolorum
1409 914 1559 940 tenacem.

898 955 923 995 ᾗ.
940 953 1005 994 ις’.
1018 965 1050 994 p.
1068 957 1142 986 289.
1160 954 1259 984 v.u1t.
1274 951 1450 994 Βεςοὴθηκα]
1468 953 1576 984 Malim

853 997 986 1033 HsGo'nna.
1008 998 1097 1028 Idem
1112 1002 1163 1028 est
1177 995 1299 1031 βεέόηκα
1310 997 1359 1026 καὶ
1370 997 1473 1037 sigma,
1483 1001 1575 1036 atque

853 1045 936 1084 μετὰ
957 1043 1022 1077 βοῆς
1043 1041 1146 1083 signnm.
1171 1051 1239 1081 quae
1260 1039 1396 1070 dicenda
1415 1041 1577 1077 habebam,

854 1097 965 1127 magna
983 1091 1015 1116 et
1027 1086 1111 1116 clara
1127 1096 1204 1117 voce
1221 1084 1299 1116 dixi.
1329 1083 1464 1124 Vulgata
1478 1084 1504 1114 si
1519 1085 1576 1113 ob-

854 1131 975 1166 tinebit,
991 1135 1045 1160 aut
1059 1130 1236 1160 addendum
1251 1129 1310 1160 erit
1325 1128 1405 1169 ὑμῖν,
1424 1131 1477 1158 aut
1492 1133 1577 1159 certe

854 1174 1112 1206 subaudiendum.

746 1799 921 1819 ΙΙ
