1998 3340
335 227 405 267 viii
660 228 704 269 P.
740 228 784 268 P.
811 228 1066 269 DOBREE
1101 226 1503 271 ADVERSARIA

375 341 429 376 52,
446 342 476 370 4.
502 339 582 381 [καὶ]
606 340 640 370 ’τό
654 341 710 380 μὲν
733 343 783 374 τῖἔς
801 341 826 371 δ.
850 341 929 371 Dclc
947 343 1005 377 καὶ,
1022 347 1052 371 ct

332 392 402 412 mox
418 394 486 413 cuni
506 383 638 413 Brotlaeo
662 385 730 423 lege
754 385 902 424 πολέμοις,
920 390 949 414 ct
966 384 1051 414 πολέ-

332 437 397 465 μων
408 437 477 456 cum
494 426 623 456 Dukero
636 427 666 457 in
680 428 821 467 Thucyd.
837 429 873 456 V.
889 431 960 458 102.
986 430 1051 457 Cae-

333 473 431 498 terum
449 470 641 506 sententiam,
658 474 666 487 ‘
676 470 756 499 bello
767 470 934 511 periclitari
947 472 1050 500 demo-

333 512 483 548 cratia1n,'
511 513 601 543 habet
621 514 689 543 loco
714 513 870 543 simillimo
892 515 991 543 Isocr.
1013 515 1051 543 de

334 555 418 584 Pnce
435 555 463 595 ᾗ.
480 557 533 585 64.

376 599 430 634 52,
448 602 476 629 9.
500 601 554 628 τῶν
572 597 640 628 δ’λων
657 597 745 637 λέγων
759 599 856 639 κύςιον.
877 597 947 629 ἔλων
963 599 1051 628 deest

333 641 424 671 Harl.
456 641 565 672 Mead.
595 641 683 680 μόνων
714 642 783 675 ὅλως
815 642 879 683 (sic
908 641 1049 679 notatur)

334 684 428 714 Beru.
444 685 608 724 Taylorus,
622 684 666 714 τὸν
676 687 731 715 τῶν
742 685 830 723 λόγων
841 685 930 724 μόνων
939 696 967 714 κ.
980 695 1050 714 con-

331 726 434 757 ferens
456 738 487 766 p.
505 729 558 763 43,
582 730 635 758 36.
659 728 710 757 De
726 726 800 763 δ’λως
821 729 928 757 confer
954 727 1049 758 Dion.

332 770 432 799 Cassii
452 772 505 801 49.
534 772 584 800 [iu.
604 775 635 800 et
658 771 815 801 Plutarchi
833 771 880 801 II.
907 772 980 802 165.
1006 770 1048 801 A.

331 813 482 852 tragicum
498 824 565 843 cum
581 814 717 844 Baxtero
734 815 772 844 ad
793 815 900 845 Horat.
918 815 1000 854 Epp.
1019 815 1047 844 Ι.

939 908 1054 958 Sept.

372 986 428 1021 28,
447 987 496 1016 18.
532 985 605 1015 Huc
628 985 757 1025 respicit
781 985 994 1025 Hermogenes
1017 996 1050 1024 p.

332 1029 407 1058 420.
423 1029 475 1058 ed.
491 1027 596 1069 Crisp.
614 1033 648 1058 ut
662 1029 744 1069 apud
760 1029 885 1068 Taylor.
902 1030 939 1059 ad
957 1030 1049 1059 Dem.

331 1081 363 1111 p.
379 1073 456 1107 401,
482 1072 532 1101 15.
564 1071 709 1111 Intellige
734 1077 833 1102 autem
850 1083 910 1102 non
932 1076 1048 1102 tantum

331 1125 361 1154 p.
384 1116 576 1145 401—403.
601 1115 655 1144 sed
682 1117 835 1146 384-6,
867 1115 962 1155 (395,
993 1117 1047 1146 23.

331 1155 438 1197 seqq.)
455 1160 530 1194 407,
545 1160 597 1187 20.
620 1159 695 1193 41⁴2,
710 1161 762 1189 ρο.
787 1161 930 1193 429,1‘2.

373 1203 427 1235 29,
455 1202 505 1231 17.
544 1200 677 1231 Omnino
705 1202 896 1241 praeferenda
924 1201 1048 1232 videtur

328 1242 421 1273 lectio
437 1242 527 1283 ἐμοῖς.
543 1243 630 1283 quasi
646 1245 741 1280 dicat,
753 1244 836 1274 κακὸν
849 1244 904 1286 ἐμὲ
921 1245 978 1274 κάκ
993 1256 1045 1274 κα-

328 1288 381 1316 κῶν
403 1287 575 1317 ἀποκαλῶν.
607 1289 700 1318 Certe
724 1288 842 1327 aliquid
866 1288 1045 1327 requiritur,

327 1329 410 1368 quod
420 1335 616 1370 contemptum
627 1331 664 1361 ab
675 1335 854 1361 accusatore
866 1331 1045 1361 AEschinem

327 1372 483 1412 significet
497 1384 504 1402 :
528 1375 567 1403 ob
584 1384 649 1413 seq.
665 1373 696 1403 ἐκ
710 1374 893 1413 μεταβολῆς.

370 1418 426 1452 30,
451 1420 505 1449 16.
538 1417 632 1454 Dele,
661 1418 802 1457 γενόμενος
836 1418 1044 1458 αἰχμάλωτος.

327 1458 407 1489 Vide
424 1470 519 1498 supra
535 1463 587 1490 10.

369 1505 424 1538 30,
437 1505 490 1535 35.
514 1503 605 1534 Dem.
622 1507 698 1540 404,
717 1506 768 1534 11.
793 1504 901 1535 AEsch.
922 1505 976 1542 35,
991 1505 1044 1535 15.

367 1547 421 1582 30,
434 1548 487 1577 39.
508 1546 602 1577 Dem.
617 1549 693 1583 344,
710 1550 762 1578 28.

369 1591 424 1625 30,
440 1592 494 1621 43.
518 1590 566 1620 οὐκ
581 1589 607 1620 ἐν
626 1589 762 1624 ἷι-οιούτοις
774 1588 846 1629 ’ἦμεν
862 1590 967 1628 λόγοις.
991 1588 1043 1618 In-

325 1633 406 1662 stead
421 1631 617 1674 qfwatching
632 1644 684 1663 one
696 1633 818 1663 another
832 1644 873 1663 we
886 1631 945 1662 had
961 1637 1043 1662 trou-

326 1674 370 1704 ble
391 1676 507 1716 enough
531 1676 602 1707 with
620 1676 705 1706 Dem.
740 1676 790 1706 Ita
805 1677 868 1706 fere
895 1676 989 1706 Dem.
1006 1675 1043 1705 F.

330 1719 365 1748 L.
382 1729 415 1759 p.
429 1721 502 1755 366,
516 1721 569 1750 25.
592 1720 669 1748 ὥστε
680 1718 837 1759 ,uk—effla.
852 1719 897 1748 τὸν
911 1718 1000 1757 λόγον.

370 1764 481 1798 31,18.
507 1762 558 1792 Ad
576 1761 670 1792 Dem.
683 1764 760 1797 343,
776 1763 829 1793 25.

369 1806 428 1840 31,·
446 1807 588 1843 26-32,
604 1807 658 1837 35.
681 1807 736 1843 34,
752 1806 803 1836 23.
825 1810 856 1836 et
880 1806 932 1836 43.
950 1804 1041 1834 Dem.

325 1851 400 1883 420,
415 1850 469 1880 26.

369 1893 424 1928 34,
436 1893 467 1921 5.
484 1891 733 1933 Defendipotest
743 1891 858 1922 debilis
873 1890 1041 1932 oppositio,

325 1933 657 1970 σῶσαι-Θεάσασθαι,
687 1945 744 1974 per
777 1934 1019 1974 exphemismum
1034 1945 1040 1963 ι

326 1978 382 2008 sed
399 1978 504 2019 potius
527 1979 671 2018 suspicor
693 1978 848 2008 excidisse
863 1977 1042 2013 clausulam,

324 2027 378 2051 aut
401 2022 546 2052 absolvere
572 2021 641 2061 [aut
665 2022 873 2062 condemnare]
899 2021 1041 2059 poteritis,

324 2065 419 2098 ἱκανὰς
445 2064 501 2096 εἷλ.
528 2065 663 2106 ἀφορμὰς
687 2063 865 2095 θεάσασθαι.
887 2064 970 2095 Vide
988 2065 1040 2099 37,

367 2153 422 2187 34,
440 2153 492 2182 23.
515 2151 567 2182 Ad
584 2153 638 2187 31,
655 2152 709 2181 26.

368 2196 422 2229 34,
435 2197 487 2225 42.
511 2196 609 2224 Recte
618 2195 762 2225 damnant
769 2192 948 2233 μνημονικὸν,
959 2194 1039 2232 quod

327 2242 373 2266 est
389 2238 443 2267 lin.
460 2240 514 2268 38.
536 2243 565 2268 et
582 2237 623 2267 ibi
648 2237 772 2277 quidem
791 2242 892 2266 recte:
920 2237 990 2267 vide
1008 2247 1040 2276 p.

326 2282 378 2316 33,
391 2283 445 2311 33.
461 2283 574 2316 34,23.
587 2283 704 2317 42,4Ο.
727 2279 895 2320 Epitheton
906 2280 1041 2319 requiro,

322 2325 412 2362 quale
425 2329 508 2354 esset
516 2323 1041 2364 μουσικὸν-αεεοπιρίἰεῖιεά-ςοιιν-

322 2367 686 2408 teous—pleasing—etc.
713 2367 869 2406 (συμπιεῖν
894 2365 973 2401 δεινὸς
994 2372 1042 2396 est

324 2409 517 2449 συμποτικὸς,
540 2411 704 2447 convivium
728 2410 781 2439 sed
808 2411 882 2440 πιεῖν
909 2409 998 2445 δεινὸς,
1022 2421 1041 2439 a

326 2452 403 2482 hard
419 2452 572 2493 ιῖϊιίϋιεν.)
597 2454 655 2483 hoc
664 2453 784 2483 mallem
800 2463 831 2491 p.
847 2454 900 2488 42,
915 2456 966 2485 40.
981 2452 1041 2482 nisi

324 2497 461 2526 obstaret
478 2497 662 2527 Plutarchus
678 2497 707 2526 in
724 2495 817 2526 Dein.
834 2500 856 2524 t.
871 2499 901 2525 4.
917 2507 949 2535 p.
965 2496 1041 2532 719,

325 2541 356 2569 5.
376 2540 487 2570 Reisk.

366 2585 420 2618 34,
436 2585 488 2614 43.
511 2583 560 2613 Ad
576 2586 630 2618 31,
647 2584 700 2613 26.

367 2628 420 2661 35,
438 2629 487 2657 15.
512 2625 563 2656 Ad
580 2629 634 2661 30,
650 2628 704 2657 35.

367 2669 421 2704 35,
440 2671 580 2704 19-38,
596 2672 650 2700 24.
673 2668 725 2698 Ad
741 2665 834 2698 Dem.
851 2670 925 2702 345,
942 2668 972 2696 6.

367 2713 420 2746 36,
438 2715 467 2741 1.
489 2710 773 2751 ἀνάγνωθι-δόγμα
785 2711 884 2740 forsan
896 2709 1041 2745 delenda,

325 2753 393 2785 scil.
416 2765 444 2785 v.
461 2755 484 2784 l.
500 2755 677 2796 συμμάχων
700 2765 759 2794 pro
783 2753 914 2795 συνέδρων
938 2764 968 2792 p.
987 2755 1041 2791 35,

322 2798 376 2827 39.

367 2841 420 2876 37,
438 2843 489 2870 10.
521 2840 568 2870 Ad
596 2841 689 2871 Dem.
707 2842 784 2876 369,
799 2842 830 2871 3.
872 2840 949 2870 Cum
976 2843 1040 2870 toto

647 2935 792 2972 Contra
812 2933 1123 2984 Ctesiphontem.

362 3012 410 3041 De
427 3016 565 3052 tempore
584 3023 643 3052 quo
660 3017 727 3042 acta
751 3023 841 3043 causa
857 3023 885 3051 p.
910 3015 961 3047 85,
980 3016 1032 3043 11.

320 3061 349 3085 et
366 3057 417 3086 43.

1090 344 1118 371 6,
1139 343 1189 371 31.
1215 343 1279 381 qui,
1297 342 1323 372 si
1340 344 1475 379 memini,
1491 355 1508 374 e
1525 344 1682 385 Xipliilin.
1698 344 1783 375 citat.

1133 385 1187 419 52,
1204 389 1254 415 17.
1278 389 1439 427 παρακαλῶ
1453 386 1480 416 δὲ
1502 386 1565 427 [καὶ
1581 387 1697 418 ἱκετεύω
1712 386 1807 418 σῶσαί

1089 427 1274 467 paq—Herc
1298 430 1369 460 dele
1396 430 1435 459 ad
1460 430 1629 469 marginem
1654 431 1727 461 olim
1753 432 1807 460 ad-

1088 471 1215 511 scripta,
1230 477 1262 501 nt
1280 483 1312 502 v.
1330 473 1351 503 l.
1369 482 1427 513 pro
1448 473 1496 502 καὶ
1519 471 1622 512 δέομαι
1647 473 1745 503 σῶσαί
1764 484 1805 513 με

1087 511 1164 543 infra
1178 513 1230 543 lin.
1250 517 1301 546 19.

1131 557 1185 593 52,
1205 559 1256 588 19.
1279 559 1314 592 ὡς
1329 558 1368 592 εἶς
1380 557 1494 598 μνήμην
1510 558 1577 588 εῖναι
1594 570 1624 589 τ.
1640 568 1663 589 ε.
1677 569 1753 589 mss.

1129 602 1184 634 52,
1200 602 1254 630 25-
1279 602 1392 631 Forsan
1415 602 1706 641 interpungendum,
1728 613 1804 632 συνε-

1085 643 1210 675 στηκώς.
1234 643 1507 685 Αῖτῶη-σωτηςίαν,
1521 645 1604 685 μετὰ.
1616 656 1652 675 π.

1131 684 1184 726 [9]
1210 687 1263 722 52,
1274 688 1327 717 32.
1338 685 1504 717 ἐκινδύνευσε
1515 698 1590 718 mss.
1602 688 1640 718 C.
1649 687 1803 718 Timarch.

1085 726 1153 757 init.
1172 726 1370 760 οὐδένα-οὔτ’
1383 728 1409 760 ἓν
1427 729 1556 764 εὐθύναις
1569 731 1717 765 λυπήσας.

1128 772 1181 807 52,
1196 774 1248 803 35.
1272 773 1434 815 συκοφάντῃ
1450 772 1534 815 (καὶ)
1552 773 1684 815 Βαρβάρῳ
1700 775 1780 814 lege.

1079 911 1196 946 1824.

1086 984 1144 1015 hoc
1162 984 1231 1015 loco
1246 985 1285 1015 de
1307 985 1440 1016 Charete
1456 988 1560 1018 confer
1575 987 1667 1018 Dem.
1686 989 1737 1019 Ol.
1755 988 1800 1019 H.

1084 1040 1114 1068 p.
1130 1030 1181 1064 26,
1198 1031 1228 1059 6.
1253 1028 1336 1060 Phil.
1352 1029 1380 1059 Ῑ.
1396 1040 1428 1068 p.
1446 1033 1499 1065 46,
1514 1032 1567 1061 27.

1126 1074 1180 1108 37,
1199 1074 1252 1103 23.
1272 1071 1323 1102 De
1340 1073 1490 1112 Myoneso
1506 1072 1637 1104 Photius
1659 1085 1688 1104 v.
1711 1080 1801 1115 ngw

1083 1126 1171 1148 καιος.

1125 1160 1179 1194 37,
1195 1159 1247 1189 39.
1273 1157 1411 1197 Majores.
1430 1159 1508 1189 infra
1523 1161 1578 1197 46,
1593 1162 1645 1190 20.
1661 1159 1731 1200 [51,
1748 1161 1797 1202 8.]

1124 1204 1179 1240 38,
1192 1204 1245 1231 20.
1269 1201 1350 1230 Infra
1364 1203 1419 1237 47,
1436 1205 1491 1233 40.

1125 1248 1179 1279 40,
1192 1246 1222 1274 6.
1248 1244 1341 1274 Dem.
1359 1247 1434 1280 387,
1451 1247 1506 1276 27.

1124 1290 1178 1323 41,
1192 1290 1222 1318 2.
1243 1287 1336 1318 Dem.
1353 1290 1427 1324 396,
1446 1291 1499 1320 22.

1123 1334 1177 1367 41,
1196 1334 1248 1361 10.
1272 1336 1332 1360 etc.
1350 1330 1443 1361 Dem.
1459 1332 1536 1367 393,
1554 1335 1606 1361 11.

1122 1377 1176 1409 41,
1194 1377 1246 1405 15.
1271 1373 1354 1404 Vide
1369 1384 1402 1413 p.
1417 1376 1472 1410 79,
1484 1376 1539 1406 38.

1123 1420 1176 1450 42,
1199 1419 1252 1448 35.
1275 1416 1370 1447 Dem.
1393 1420 1469 1454 414,
1493 1420 1524 1449 3.
1548 1416 1631 1447 Infra
1657 1427 1685 1447 c.
1712 1418 1796 1448 Ctes.

1121 1506 1176 1539 42,
1194 1505 1246 1533 40.
1262 1504 1410 1543 συμπιεῖν.
1439 1504 1538 1542 Supra
1554 1504 1608 1538 34,
1624 1504 1677 1534 42.
1712 1502 1795 1532 Hinc

1079 1545 1266 1577 Plutarchus
1292 1548 1383 1577 Dein.
1412 1551 1436 1576 t.
1448 1549 1500 1585 A.
1526 1557 1561 1586 p.
1586 1548 1664 1582 719,
1689 1548 1719 1577 5.
1747 1547 1796 1576 ed.

1080 1589 1187 1620 Reisk.

1121 1634 1180 1670 43,
1193 1633 1245 1662 42.
1259 1637 1320 1662 etc.
1336 1633 1373 1662 ad
1391 1632 1551 1662 Demosth.
1565 1633 1641 1667 346,
1657 1634 1710 1661 10.

1121 1678 1176 1712 44,
1204 1679 1234 1705 1.
1262 1675 1359 1706 Alex.
1391 1676 1519 1705 Rhetor.
1544 1686 1587 1705 w.
1613 1674 1796 1714 ἅντιμεταθ.

1078 1726 1110 1757 p.
1128 1721 1201 1750 586.
1219 1717 1295 1748 Ald.
1311 1717 1353 1747 δεῖ
1365 1717 1419 1757 γὰρ
1440 1719 1496 1750 τὰς
1510 1716 1610 1751 Θήβας
1625 1717 1693 1748 εῖναι
1714 1724 1793 1747 Βοιω-

1078 1759 1153 1797 τίαν,
1169 1762 1197 1791 οὗ
1213 1762 1263 1791 τὴν
1278 1759 1411 1790 Βοιωτίαν
1427 1759 1535 1795 Θήβαις.

1120 1807 1175 1841 44,
1193 1807 1246 1835 2-
1257 1804 1288 1834 5.
1313 1804 1405 1834 Dem.
1423 1805 1498 1840 347,
1515 1805 1567 1834 26.

1118 1850 1173 1883 44,
1187 1850 1240 1878 22.
1263 1847 1348 1877 Infra
1362 1849 1416 1882 49,
1433 1847 1486 1877 37.
1511 1847 1600 1877 Dem.
1619 1847 1694 1884 348,
1711 1849 1794 1879 26-—

1077 1892 1152 1927 349,
1168 1893 1219 1921 12.
1368 1912 1370 1915 -

1120 1936 1174 1970 44,
1192 1936 1244 1965 29.
1262 1938 1324 1964 etc.
1347 1932 1395 1963 Ad
1410 1933 1500 1963 Dem.
1517 1934 1594 1969 352,
1606 1936 1657 1963 11.

1119 1979 1174 2017 45,
1187 1980 1239 2008 15.
1257 1982 1318 2007 etc.
1341 1976 1393 2006 Ad
1409 1975 1500 2006 Dem.
1515 1979 1592 2014 363,
1605 1979 1658 2007 27.

1120 2022 1174 2055 45,
1192 2023 1245 2051 18.
1268 2019 1319 2050 Ad
1338 2020 1430 2049 Dem.
1447 2020 1524 2056 359,
1540 2021 1573 2050 3.

1120 2065 1174 2099 46,
1188 2066 1240 2095 29.
1264 2062 1315 2093 Ad
1333 2064 1423 2092 Dem.
1441 2064 1516 2098 578,
1533 2064 1563 2093 9.

1120 2109 1173 2143 46,
1191 2109 1245 2138 43.
1270 2107 1527 2141 Dem.365,11.

1119 2152 1173 2186 47,
1190 2152 1242 2180 24.
1267 2151 1358 2180 Dem.
1375 2149 1451 2184 405,
1467 2150 1521 2178 ⁴21.
1663 2180 1674 2191 Ὁ

1120 2195 1174 2230 47,
1188 2197 1241 2223 41.
1257 2192 1397 2233 πρότερον.
1423 2193 1544 2231 Nempe
1559 2202 1592 2233 p.
1608 2194 1662 2229 38.
1676 2194 1729 2223 20.

1120 2239 1174 2272 48,
1190 2240 1242 2268 12.
1265 2237 1357 2266 Dem.
1372 2236 1450 2271 433,
1466 2237 1519 2266 19.
1663 2262 1666 2263 .

1120 2282 1175 2316 48,
1191 2282 1244 2310 30.
1269 2279 1319 2309 Ad
1333 2279 1426 2308 Dem.
1442 2280 1518 2315 343,
1535 2279 1589 2309 25.

1120 2324 1174 2358 48,
1195 2325 1249 2354 32.
1274 2323 1366 2352 Dem.
1390 2332 1422 2361 p.
1446 2323 1521 2358 401,
1545 2323 1577 2352 9.
1597 2324 1658 2352 etc.
1682 2320 1792 2352 AEsch.

1119 2411 1173 2445 49,
1189 2411 1242 2440 37.
1265 2407 1318 2438 Ad
1334 2410 1388 2443 44,
1405 2410 1459 2439 22.

1119 2454 1173 2488 49,
1189 2454 1242 2482 41.
1266 2450 1318 2481 Ad
1336 2451 1429 2481 Dem.
1446 2452 1522 2486 369,
1539 2452 1570 2481 3.

1119 2497 1174 2531 50,
1184 2497 1237 2525 20.
1254 2494 1401 2524 Ostendit
1413 2494 1619 2532 corruptelam
1633 2493 1794 2524 Reiskins.

1075 2539 1190 2568 Sensus
1203 2538 1337 2573 videtur,
1349 2537 1420 2577 quid
1430 2536 1654 2575 exspectandum
1663 2537 1700 2566 ab
1714 2538 1794 2566 inve-

1075 2587 1169 2611 teratu
1183 2580 1354 2619 proditore?
1369 2580 1414 2610 vel
1427 2580 1570 2620 quidnam
1585 2580 1794 2609 documentum
1809 2610 1812 2614 ,

1074 2634 1132 2654 suae
1142 2624 1263 2654 malitiae
1272 2624 1344 2653 clare
1358 2628 1450 2662 potest
1463 2624 1626 2652 maximum
1639 2623 1795 2661 proditor?

1118 2669 1172 2702 51,
1187 2669 1218 2697 9.
1241 2665 1292 2695 Ad
1310 2667 1400 2695 Dem.
1417 2667 1494 2701 369,
1510 2667 1543 2696 3.

1118 2711 1172 2746 51,
1189 2712 1241 2739 41.
1262 2709 1305 2748 μὴ
1318 2718 1476 2748 μνησικακ.
1499 2707 1583 2738 Infra
1598 2717 1629 2747 p.
1646 2709 1699 2743 83,
1717 2708 1769 2737 38.

1119 2755 1175 2791 52,
1191 2754 1310 2784 9-10.
1334 2753 1425 2782 Dem.
1438 2753 1514 2786 398,
1533 2753 1585 2781 17.

1119 2798 1172 2832 52,
1186 2797 1239 2827 37.
1265 2795 1314 2824 Ad
1331 2795 1422 2825 Dem'.
1441 2796 1516 2829 369,
1531 2796 1563 2825 3.

1181 2933 1258 2972 Jul.
1281 2937 1319 2974 7.
1340 2936 1458 2971 1812.

1115 3012 1167 3052 [1]
1187 3013 1241 3046 53,
1258 3012 1289 3041 6.
1316 3011 1412 3049 Lege,
1428 3009 1572 3051 ἰσχύσειν.

1115 3057 1167 3091 53,
1185 3057 1215 3085 6.
1230 3053 1395 3094 ἐβουλόμην.
1421 3053 1497 3083 Cum
1514 3053 1547 3084 ἃν
1563 3053 1639 3084 infra
1656 3054 1708 3089 69,
1724 3056 1774 3084 40.
