1899 3322
456 186 789 229 LECTIONES
824 185 1200 228 AESCHINEAS.
1473 185 1554 227 403

108 307 273 347 quorum
307 294 501 346 specimen
538 295 606 333 aeri
635 295 799 334 incisum
824 307 862 345 p.
892 297 983 332 380.
1009 292 1178 331 exhibui.
1236 291 1422 329 Exaratus
1449 298 1509 329 est
1535 305 1556 328 a

107 356 279 407 Georgio
306 357 607 407 Chrysococca;
640 369 718 406 quo
739 355 796 402 fit,
825 360 869 393 ut
888 367 974 392 eum
995 352 1186 391 interdum
1209 365 1364 402 quoque
1386 351 1556 403 Chryso-

106 431 264 457 coccam
283 418 487 469 appellem.
547 417 636 469 Ipse
657 423 824 456 testatur
851 417 889 455 in
911 415 1016 455 calce
1036 413 1184 453 codicis
1204 413 1278 451 hoc
1303 413 1387 463 pari
1407 413 1555 452 iambo-

104 491 186 517 rum
207 479 465 530 politicorum,

449 566 638 619 Γεὼργιος
659 570 846 621 γέγραφεν
867 571 886 606 ὁ
904 568 1162 620 Χρυσοκκόκης

449 631 625 680 Αὒρίσπᾳ
646 630 751 674 τήνδε
772 628 917 677 βίβλον
937 632 986 680 τῷ
1003 627 1170 681 Ἰωάννῃ.

104 723 313 774 Autispam
341 736 428 762 cum
458 728 612 762 constet
641 722 787 761 saeculo
816 721 945 760 medio
967 721 1055 759 XV.
1083 719 1272 766 floruisse,
1294 724 1446 758 constat
1466 719 1557 758 item

103 797 150 822 ex
172 784 261 832 hoc,
278 786 493 836 Georgium
511 784 842 836 Chrysococcam,
865 784 933 834 qui
954 782 1128 821 codicem
1150 781 1343 820 AEschinis
1365 781 1559 820 Helmsta-

103 845 276 884 diensem
297 848 483 894 exaravit,
500 860 588 885 cum
604 845 670 884 illo
691 846 812 884 nobili
827 844 1122 891 Mathematico,
1140 843 1208 894 qui
1230 844 1373 882 saeculo
1393 843 1473 882 fere
1492 857 1559 881 an-

103 907 249 957 tiquior
268 914 339 955 est,
359 921 438 948 non
458 922 540 947 esse
558 908 884 960 permiscendum.
916 909 976 945 De
992 906 1144 945 duobus
1165 907 1222 944 his
1238 905 1418 957 Georgiis
1434 905 1558 957 Chry-

103 970 292 1018 sococcis,
312 971 522 1010 vetustiore
543 977 664 1022 atque
678 969 850 1020 juniore,
870 969 948 1021 egit
965 970 1046 1008 Leo
1066 969 1235 1007 Allatius
1256 969 1293 1007 in
1314 968 1493 1006 Diatribe
1509 967 1559 1006 de

103 1030 298 1082 Georgiis,
323 1045 360 1083 p.
384 1036 476 1072 695.
496 1033 591 1071 edit.
613 1031 782 1070 Fabricii
801 1032 848 1070 T.
874 1033 924 1071 X.
947 1031 1050 1069 Bibl.
1072 1031 1144 1068 Gr.
1203 1031 1264 1068 De
1285 1029 1466 1080 Aurispa,
1493 1029 1561 1080 qui

102 1091 417 1144 Chrysococcam
439 1107 514 1134 aere
536 1107 605 1133 suo
623 1094 776 1133 videtur
796 1094 843 1132 ad
872 1094 976 1132 hunc
1005 1093 1183 1131 codicem
1209 1092 1446 1131 exarandum
1465 1104 1559 1129 con-

99 1153 272 1203 duxisse,
292 1169 327 1194 v.
348 1157 466 1208 Bayle
486 1156 727 1195 Dictionaire
748 1157 821 1194 hac
842 1168 950 1194 voce.
1009 1155 1173 1193 Constat
1192 1154 1327 1192 ambos
1344 1154 1500 1191 ineunte
1521 1158 1560 1190 et

100 1215 236 1254 adulto
255 1218 400 1255 saeculo
421 1218 508 1257 XV.
530 1217 728 1262 floruisse;
756 1217 859 1255 unde
877 1230 1035 1268 quoque
1056 1223 1179 1267 paret,
1201 1229 1278 1266 qua
1299 1221 1413 1254 aetate
1434 1215 1560 1254 codex

97 1276 164 1315 hic
183 1284 360 1317 exaratus
381 1279 508 1318 fuerit.
540 1278 746 1318 Habentur
762 1280 883 1317 istaec.
915 1278 1124 1323 AEschinis,
1142 1290 1231 1327 quae
1248 1283 1402 1315 exstant
1419 1277 1559 1321 omnia,

99 1338 176 1379 hoc
195 1341 330 1380 ordine
348 1355 357 1380 ι
388 1341 478 1380 Vita
499 1341 691 1380 AEschinis
713 1348 751 1380 et
770 1347 994 1393 argumenta
1016 1341 1186 1378 omnium
1209 1339 1319 1377 trium
1342 1338 1558 1376 orationum

98 1402 286 1441 continuo
318 1403 488 1455 scripta;
525 1410 604 1442 tum
637 1404 830 1442 orationes
860 1403 956 1454 ipsae
985 1415 1032 1440 eo
1060 1400 1196 1439 ordine
1223 1414 1303 1451 quo
1333 1400 1498 1450 vulgatis
1521 1399 1558 1436 in

96 1462 206 1502 libris
220 1465 424 1516 leguntur;
446 1472 528 1505 tum
545 1466 724 1517 epistolae
738 1465 946 1505 AEschinis.
964 1470 1067 1515 post,
1084 1463 1257 1513 epistolae
1274 1461 1471 1507 Isocratis,
1483 1473 1558 1498 non

96 1524 172 1563 illae
192 1532 353 1575 tantum,
383 1541 470 1579 quae
497 1528 534 1566 in
563 1528 802 1567 editionibus
825 1526 1046 1578 vulgaribus
1068 1526 1258 1576 leguntur,
1282 1523 1348 1562 sed
1370 1524 1439 1561 illa
1459 1535 1558 1574 quo-

97 1601 188 1639 que,
208 1602 324 1640 quam
352 1591 402 1629 ad
425 1591 705 1630 Archidamum
733 1604 862 1641 regem
890 1591 1124 1641 Spartanum
1144 1588 1275 1626 datam
1296 1585 1426 1625 David
1451 1586 1557 1623 Hoe-

97 1649 266 1688 schelius
284 1651 426 1701 primus
447 1653 486 1689 in
507 1653 610 1690 notis
629 1652 677 1690 ad
700 1652 832 1699 Photii
853 1652 1133 1689 Bibliothecam
1161 1649 1300 1688 edidit.
1349 1650 1406 1686 Io.
1429 1647 1555 1686 David

97 1710 285 1758 Koehler‚
307 1712 447 1751 nobilis
468 1712 670 1752 Professor
690 1713 1000 1763 Goetfingensis,
1021 1713 1178 1750 ineunte
1200 1712 1274 1749 hoc
1295 1711 1439 1748 saeculo
1460 1711 1557 1748 Wit-

95 1773 267 1825 tebergae
294 1788 382 1813 cum
403 1775 540 1814 Latina
569 1788 639 1815 sua
668 1775 989 1827 interpretatione
1016 1780 1055 1812 et
1082 1773 1398 1811 annotationibus
1429 1772 1557 1810 denuo

94 1834 231 1874 edidit.
288 1836 415 1881 Quam
437 1837 643 1888 epistolam
663 1837 895 1876 novissimus
917 1836 1102 1874 Isocratis
1123 1835 1252 1873 editor
1273 1834 1470 1873 Battierus
1492 1842 1557 1873 aut

94 1895 300 1947 ignoravit,
316 1903 383 1936 aut
395 1897 624 1950 pudendum
640 1904 679 1937 et
692 1898 803 1936 venia
819 1911 897 1936 non
913 1897 1071 1947 dignum
1086 1910 1132 1935 eo
1148 1896 1341 1935 commisit
1357 1895 1557 1947 flagitium,

95 1959 201 2008 quod
226 1960 425 2010 praeteriit.
469 1961 626 2012 Ignosci
646 1966 794 2012 posset,
816 1961 845 1997 si
867 1959 999 1997 abdita
1020 1959 1056 1997 in
1078 1959 1176 1997 libro
1198 1958 1382 2009 quopiam
1398 1957 1556 1996 inventu

92 2020 286 2060 rarissimo
305 2029 420 2068 esset,
441 2028 507 2061 aut
526 2036 549 2061 a
570 2022 749 2061 Fabricio
769 2022 919 2060 silentio
940 2021 1177 2059 transmissa.
1227 2021 1372 2058 Verum
1393 2019 1560 2058 incredi-

94 2081 181 2121 bilis
202 2088 262 2122 est
279 2083 487 2122 multorum
508 2084 701 2123 editorum
723 2084 801 2122 sive
822 2082 993 2128 inscitia,
1016 2082 1095 2120 sive
1118 2082 1308 2129 secordia,
1329 2081 1409 2119 sive
1431 2081 1557 2132 segni-

95 2144 183 2193 ties,
211 2150 255 2184 ut
281 2144 426 2184 decora
454 2144 534 2184 suis
561 2145 814 2192 editionibus,
844 2158 921 2183 non
952 2144 1170 2182 necessaria
1197 2143 1329 2190 mod0‚
1353 2143 1419 2181 sed
1440 2144 1555 2180 etiam

91 2205 208 2244 obvia
219 2212 259 2245 et
270 2206 387 2246 facile
398 2206 584 2258 parabilia
600 2207 655 2245 nil
666 2213 803 2245 curent
816 2206 973 2244 addere.
1032 2205 1130 2243 Haec
1151 2204 1289 2243 obiter.
1348 2203 1484 2242 Redeo
1505 2203 1554 2241 ad

91 2268 197 2308 illam
226 2270 410 2309 Isocratis
440 2270 643 2322 epistolam
673 2269 912 2308 Archidamo
946 2267 1187 2319 inscriptam,
1224 2279 1313 2318 quae
1348 2266 1385 2304 in
1418 2265 1554 2304 codice

92 2330 398 2371 Helmstadiensi
416 2338 456 2371 et
471 2332 713 2372 emendatior
733 2337 793 2370 est
819 2330 998 2381 exemplo
1018 2328 1324 2375 Hoescheliano,
1346 2333 1385 2367 et
1399 2326 1557 2371 *auctior

90 2393 242 2445 aliquot
260 2395 476 2434 sententiis.
532 2396 749 2434 Isocrateas
779 2393 979 2444 excipiunt
1008 2392 1183 2444 epistolae
1214 2391 1502 2430 Socraticorum
1533 2403 1556 2428 a

22 2446 26 2450 ¹
92 2456 223 2495 Leone
252 2457 398 2496 Allatio
428 2457 556 2496 editae.
620 2459 771 2509 Agmen
804 2453 1166 2506 clauditDionysii
1200 2452 1553 2492 Halicarnassensis

89 2518 258 2571 libellus,
276 2519 367 2558 Vita
387 2520 513 2572 Lysiae
529 2519 750 2570 inscriptus.
781 2519 826 2557 In
847 2518 976 2557 fronte
995 2516 1144 2556 codicis
1159 2517 1301 2567 legitur
1317 2516 1403 2553 haec
1416 2514 1553 2552 inseri-

89 2581 197 2631 ptio:
233 2581 391 2622 IIIa-stri
411 2581 675 2620 Bibliothecae
692 2581 812 2620 Iuliae
832 2582 874 2619 in
894 2581 954 2619 sui
973 2579 1190 2617 memoriam
1209 2578 1316 2617 dicat
1338 2576 1394 2615 H.
1412 2575 1553 2614 Blame

89 2642 141 2680 A.
159 2645 281 2684 1651.
337 2643 426 2683 Fuit
438 2644 503 2682 hic
518 2644 718 2683 Henricus
737 2643 880 2682 Blume
900 2641 1101 2681 Professor
1128 2637 1465 2683 Helmstadiensis,
1484 2637 1551 2687 qui

89 2704 338 2754 postmodum
359 2704 479 2744 sacris
498 2705 800 2745 protestantium
822 2719 909 2744 cum
923 2703 1198 2748 renuntiasset,
1218 2701 1266 2739 ad
1287 2706 1417 2751 partes
1438 2699 1552 2748 Papi-

91 2770 238 2804 starum
258 2766 420 2814 transiit,
439 2773 479 2806 et
505 2767 543 2805 in
564 2768 676 2806 Italia
702 2773 858 2806 aetatem
883 2765 1034 2816 exegit;
1067 2764 1170 2802 unde
1191 2762 1366 2800 codicem
1388 2761 1491 2798 hunc
1513 2760 1550 2797 in

89 2827 252 2877 patriam
283 2828 458 2867 retulisse
478 2829 631 2868 videtur
650 2843 698 2868 ex
718 2829 865 2875 itinere,
899 2827 1005 2878 quod
1028 2825 1066 2863 ni
1092 2824 1218 2869 fallor,
1245 2822 1402 2872 juvenis
1421 2821 1550 2859 adhuc

89 2887 181 2926 illuc
199 2888 359 2928 fecerat.
415 2890 530 2929 Juvat
550 2891 623 2930 hac
644 2890 934 2942 opportunitate
959 2888 1106 2933 oblata,
1134 2886 1183 2923 de
1207 2883 1413 2922 codicibus
1435 2883 1549 2920 Mstis

89 2949 363 2990 Universitatis
393 2952 517 3004 Iuliae,
552 2966 617 2991 seu
648 2951 982 2996 Helmstadiensis‚
1013 2949 1061 2987 de
1093 2960 1169 2997 qua
1202 2946 1321 2984 altum
1356 2951 1413 2983 est
1444 2944 1545 2994 apud
