1965 3322
1600 186 1621 198 μ

403 198 487 239 AD
520 197 616 241 ΟΒ.
649 198 892 240 CONTRA
925 196 1318 239 TIMARCHUM.
1591 202 1623 235 Ο

167 308 305 342 Verum
323 308 486 351 ignorata
504 308 645 352 penitus
662 307 763 340 metri
789 307 925 340 ratione
948 305 1021 338 ficri
1041 315 1111 338 non
1127 304 1258 348 potnit,
1281 303 1366 347 quin
1384 302 1568 346 imperitus
1586 305 1626 338 li-

167 364 306 397 brarius
320 364 435 397 multa
452 363 693 402 conturbaret,
710 372 795 394 Cum
813 361 1017 404 rhythmum
1033 371 1143 404 quem
1160 360 1311 393 violaret
1328 358 1389 391 vix
1405 369 1442 391 se
1460 358 1625 393 habuisse

165 418 416 462 suspicaretur.
468 418 563 451 Ecce
580 427 688 461 quam
704 417 775 450 levi
794 417 937 459 negotio
954 418 1027 449 tres
1045 416 1190 448 ultimos
1211 414 1407 447 versiculos
1423 414 1476 457 (et
1493 414 1530 446 in
1546 415 1626 449 reli-

165 474 246 517 quis
267 473 394 507 eadem
417 473 484 507 erit
499 471 618 515 venia)
635 472 710 505 sola
726 471 984 505 vocabulorum
1001 469 1279 514 transpositione
1297 470 1333 503 in
1359 469 1521 503 ordinem
1545 472 1627 504 rcd-

164 528 284 572 igam:

259 600 467 634 KAeErAE
485 604 633 633 ΠΡΩΤΑ
649 601 820 643 Τίμαρχον
842 597 847 643 Ι
871 598 1240 632 ΠΕΠοῬΝΕΥΚοΤΑ
1259 596 1449 637 ΔΕΓΞΑΣ,

258 660 306 694 Ως
321 656 517 698 Μίσγολαου
532 656 631 697 φίλου
646 667 708 697 μεν
751 653 755 697 Ι
779 659 856 686 ΤΟΥ
881 653 1114 686 ΦΓΛΟΝΕΟΥ
1136 652 1277 692 Ο’ΝΤΑ,

258 715 324 743 Και
338 711 435 754 φίλον
450 710 663 743 Πιτταλάκου
681 710 712 742 δε
751 707 756 752 Ι
779 715 856 742 ΤΟΥ
877 709 1075 742 ΟῬΝΙΘΙΑ
1093 707 1263 741 H'AAIN.

211 780 294 822 Quo
310 790 405 814 anno
419 783 501 815 aeta
514 780 620 815 fuerit
631 780 708 814 haec
721 791 832 814 cansa
845 782 972 814 eontra
986 779 1218 813 Timarchum
1232 777 1360 811 nullibi
1374 777 1507 811 diserte
1519 779 1625 822 prod-

162 836 245 870 itur.
293 836 400 870 Certe
417 839 499 880 post
515 836 660 880 Olymp.
680 834 826 870 CVIII.
844 837 878 868 2.
896 845 968 878 quo
986 837 1146 879 tempore
1163 832 1407 867 Athenienses
1424 832 1562 876 legatos
1578 833 1626 866 ad

160 890 367 935 Philippum
396 892 517 925 denuo
542 892 720 925 miserunt
745 891 844 934 pacis
869 888 1126 923 confirmandae
1151 888 1278 932 gratia,
1303 890 1341 921 et
1367 889 1451 921 ante
1475 887 1624 931 Olymp.

160 945 269 980 CIX.
285 948 320 980 2.
338 957 412 991 quo
429 947 697 981 Demosthenes
715 947 963 980 adversarium
981 945 1073 978 male
1091 944 1199 978 obitae
1216 943 1320 978 istius
1337 943 1526 986 legationis
1541 943 1626 976 insi-

159 1001 323 1045 mulavit,
341 1002 402 1036 cui
418 1002 683 1047 subscripturus
699 1005 775 1035 erat
790 1002 848 1035 hic
868 1002 925 1034 ille
937 999 1164 1041 Timarchus,
1176 1000 1215 1033 ni
1230 1010 1274 1033 ea
1289 1009 1374 1044 quae
1391 998 1450 1032 hic
1468 997 1626 1041 agitatur

157 1056 409 1091 criminatione
436 1057 563 1091 fuisset
591 1058 635 1091 ab
663 1057 835 1091 AEschiue
860 1055 1096 1099 interceptus.
1146 1055 1191 1088 Id
1217 1054 1316 1098 quod
1341 1053 1463 1087 innuit
1488 1053 1625 1086 Demo-

159 1112 306 1146 sthenes
323 1127 360 1147 π.
377 1115 594 1159 παραπρεσβ.
619 1123 690 1146 non
707 1114 813 1156 longe
831 1112 876 1146 ab
894 1111 998 1145 initio
1022 1109 1070 1157 [ξ.
1088 1109 1168 1157 β’.];
1197 1113 1284 1155 Πρὶν
1307 1112 1371 1155 γὰρ
1397 1112 1558 1144 εἰσελθεῖν
1580 1111 1625 1149 εἰς

159 1169 246 1212 ὑμᾶς
271 1167 531 1213 [AEschinem],
556 1170 611 1201 καὶ
639 1169 746 1212 λόγον
775 1169 890 1201 δοῦναι
915 1171 983 1201 τῶν
1012 1167 1275 1211 πεπραγμένων,
1306 1168 1385 1199 τὸν
1411 1168 1491 1210 μὲν
1517 1166 1626 1209 ἀνῄ-

157 1236 259 1267 ρηκε
287 1228 356 1257 τῶν
370 1225 428 1256 ἐπὶ
445 1226 506 1263 τὰς
521 1225 664 1263 εὐθύνας
688 1224 870 1263 ἐλθόντων,
895 1225 933 1256 et
955 1233 1036 1266 quce
1060 1224 1273 1265 sequnntur.
1323 1220 1444 1262 Adde,
1464 1220 1492 1253 si
1511 1220 1623 1261 lubet,

157 1277 357 1322 Ulpianum
386 1279 433 1312 ad
455 1279 590 1313 locum.
615 1279 765 1312 Annum
790 1278 857 1312 hoc
882 1280 1046 1322 tempore
1071 1278 1203 1321 agebat
1225 1275 1417 1311 AEschines
1437 1277 1547 1310 45⁰¹ffl.
1573 1275 1626 1309 uti

157 1343 204 1366 ex
222 1333 383 1367 oratione
399 1334 526 1378 liquet.

203 1389 298 1422 Sunt
313 1389 377 1434 qui
394 1389 604 1423 existimant
626 1388 866 1423 Timarchum
891 1389 1000 1422 tantis
1023 1387 1196 1422 conviciis
1221 1387 1266 1420 ab
1291 1386 1466 1421 AEschine
1492 1387 1626 1421 lacera-

156 1446 247 1487 tum,
263 1445 333 1487 vel,
345 1445 545 1479 secundum
563 1446 662 1486 alios,
682 1456 728 1478 ne
743 1447 956 1489 exspectato
969 1443 1117 1488 quidem
1131 1443 1287 1487 judicio,
1302 1443 1432 1487 laqueo
1449 1441 1517 1475 sibi
1533 1453 1625 1475 mor-

155 1501 230 1532 tem
259 1499 489 1533 conscivisse.
527 1499 626 1533 Vide
652 1499 840 1533 Plutarch.
865 1499 902 1532 in
926 1499 1001 1533 vita
1026 1497 1222 1539 AEsehinis,
1241 1498 1408 1531 Photium
1426 1498 1512 1530 item
1531 1497 1622 1531 Cod.

157 1553 374 1588 CCLXIV.
401 1554 598 1598 Ulpianum
615 1554 659 1587 ad
671 1553 910 1587 Demosthcn.
930 1567 968 1586 π.
983 1554 1199 1597 παραπρεσβ.
1227 1553 1399 1586 Tzetzem
1414 1552 1449 1585 in
1465 1552 1622 1586 Chiliad.

157 1607 227 1642 VI.
245 1611 303 1642 58.
330 1611 368 1641 et
384 1609 581 1642 Auctorem
599 1609 802 1652 argumenti
820 1608 958 1652 prioris.
1010 1609 1159 1642 Interea
1176 1611 1298 1642 tamen
1315 1607 1402 1641 nihil
1419 1608 1624 1641 istiusmodi

155 1666 343 1707 comparet
359 1675 407 1698 ex
432 1663 688 1697 Demosthenis
704 1664 864 1696 oratione
881 1674 963 1707 quae
985 1663 1150 1706 sequitur
1167 1663 1207 1697 cle
1225 1662 1314 1696 male
1329 1663 1420 1697 obita
1443 1662 1624 1709 leg-atione,

154 1728 279 1751 verum
302 1721 446 1751 constat
470 1718 698 1751 solummodo
720 1718 845 1751 vicisse
873 1717 1019 1762 quidem
1050 1717 1274 1760 fEschinem,
1303 1719 1624 1763 adversariumque

155 1783 262 1806 suurn
277 1783 320 1806 ea
335 1771 484 1818 infamia
502 1772 708 1817 perculisse,
725 1783 807 1816 quae
823 1772 876 1806 his
895 1772 1055 1806 moribus
1080 1782 1127 1806 ex
1147 1772 1360 1817 praescripto
1377 1772 1498 1816 legum
1516 1773 1626 1807 debe-

154 1829 223 1860 tur.
271 1827 358 1861 Vid.
378 1838 461 1871 pag.
479 1830 537 1862 59.
556 1828 577 1861 l.
594 1829 652 1862 16.
676 1825 724 1873 [ξ.
745 1825 798 1873 ἡ.]
816 1826 970 1870 hujusce
985 1826 1105 1861 Tomi.
1156 1827 1219 1861 Ex
1246 1829 1374 1861 eadem
1400 1828 1462 1862 illa
1488 1828 1624 1862 Demo-

153 1881 290 1916 sthenis
299 1883 460 1916 oratione
474 1883 583 1917 etiam
602 1883 792 1924 admoneo,
805 1883 982 1917 nonnulla
994 1892 1078 1927 quoe
1097 1882 1293 1916 AEsehines
1310 1883 1347 1916 in
1361 1883 1429 1917 hac
1444 1894 1555 1918 causa
1568 1895 1624 1918 se-

155 1946 237 1970 vere
250 1936 395 1979 dixerit,
412 1936 518 1970 hodie
535 1937 742 1971 desiderari.

201 1991 311 2032 Quod
335 1992 373 2025 in
395 1992 547 2026 exordio
567 1991 678 2036 hujus
699 1992 869 2026 orationis
885 1992 931 2026 de
955 1992 1042 2036 fuga
1063 1992 1347 2036 inimicitiarum,
1364 1994 1550 2040 animique
1567 1997 1624 2030 sui

152 2047 397 2081 moderatione
410 2047 589 2091 praedicat
605 2046 808 2090 AEsohines,
824 2047 919 2081 idem
938 2047 1048 2081 etiam
1067 2048 1231 2081 inculcat
1246 2049 1282 2081 in
1300 2047 1467 2093 Epistola
1482 2050 1620 2084 Xllffla.

154 2101 205 2134 Et
216 2101 386 2135 laudatur
401 2101 566 2145 profecto
579 2101 648 2135 hoc
664 2102 886 2146 prooemium
902 2102 947 2135 ab
962 2102 1195 2147 Hermogene
1209 2103 1247 2137 in
1260 2114 1341 2147 cap.
1361 2107 1435 2149 περὶ
1450 2105 1624 2140 Ἐπιεικεί-

153 2169 206 2195 ας,
229 2159 403 2200 tanquam
426 2156 564 2190 illustre
594 2158 849 2200 argumentum
873 2157 977 2190 istius
1002 2157 1239 2192 Gharacteris.
1289 2159 1348 2192 De
1373 2170 1417 2192 eo
1441 2171 1546 2203 porro
1570 2161 1621 2195 ita

154 2209 349 2254 Dionysius
373 2210 521 2255 quidam
545 2211 637 2254 (sive
660 2211 692 2245 is
708 2210 820 2245 fuerit
834 2211 1033 2256 Dionysius
1058 2213 1261 2257 Longinus,
1286 2216 1329 2247 ut
1345 2215 1621 2257 nonnulliarbi-

152 2269 304 2308 trantur,
322 2267 396 2301 sive
412 2266 593 2311 quispiam
611 2266 718 2311 alius)
743 2278 792 2301 ex
816 2267 936 2301 Photii
959 2267 1051 2302 Cod.
1076 2268 1189 2302 LXI.
1229 2270 1403 2310 Διονύσιος
1419 2272 1436 2304 ὁ
1460 2275 1619 2316 σοφιστής

149 2324 301 2366 ἐντυχών
318 2336 400 2357 ποτε
418 2326 467 2367 τῷ
482 2326 567 2357 κατὰ
582 2324 753 2368 Τιμάρχου
766 2325 870 2370 λόγῳ,
884 2326 939 2357 καὶ
958 2328 1023 2366 τὴν
1041 2326 1155 2369 ἀρχὴν
1169 2327 1343 2370 ἀναγνοὺς
1359 2331 1416 2361 τοῦ
1432 2330 1616 2373 προοιμίου,

293 2380 316 2398 “
331 2380 411 2413 Εἴθε
432 2381 582 2419 πολλοὺς
607 2379 776 2424 ἐγράψω,”
803 2380 874 2423 ἔφη,
896 2380 918 2396 “
936 2380 999 2413 εἴθε
1020 2382 1168 2420 πολλοὺς
1188 2382 1376 2423 ἐλύπησας,
1397 2383 1457 2417 'iva
1480 2386 1617 2425 πλείους

151 2435 403 2474 καταλελοιπὼς
418 2435 604 2479 ἐτύγχανες
618 2434 775 2479 λόγους.”
798 2436 901 2474 οὕτως
918 2436 1007 2476 ἥσθη
1024 2439 1073 2479 τῷ
1089 2440 1277 2481 χαρακτῆρι
1293 2442 1351 2471 τοῦ
1369 2438 1520 2484 ῥήτορος.

199 2489 400 2531 Postremo,
413 2489 509 2523 hane
523 2500 674 2523 eausam
690 2489 784 2523 inter
798 2489 886 2523 alios
902 2493 1080 2524 memorat
1095 2491 1249 2526 Lucian.
1265 2492 1421 2536 Apolog.
1436 2505 1499 2538 pro
1517 2494 1618 2529 Mer-

151 2547 230 2580 ced.
253 2546 426 2581 conduct.
453 2545 484 2590 ξ.
497 2548 530 2579 7.
557 2549 594 2579 et
617 2546 699 2580 adv.
718 2546 860 2580 Indoct.
879 2545 909 2589 ξ.
927 2549 985 2580 27.
1010 2546 1190 2580 Plutarch.
1208 2547 1244 2580 in
1262 2547 1383 2581 libello
1399 2549 1444 2582 de
1469 2549 1616 2584 Virtute

154 2600 287 2636 Athen.
304 2601 368 2635 ubi
383 2603 534 2635 vocatur
545 2602 632 2635 κατὰ
645 2602 1037 2646 Τιμάρχουὲταιρὴσεως,
1053 2602 1106 2635 uti
1118 2601 1322 2636 inscribitur
1335 2603 1372 2636 in
1388 2604 1616 2647 Argumento

151 2656 346 2699 posteriori.
394 2656 440 2691 In
465 2667 619 2702 eamque
636 2659 851 2701 perpetuam
869 2657 1210 2691 commentationem
1228 2658 1420 2692 contexuit
1436 2658 1614 2694 Brodaeus

152 2709 264 2744 VIII.
290 2711 496 2747 Miscell.7.
521 2711 620 2746 unde
641 2722 724 2757 quae
749 2711 893 2747 utiliora
906 2711 1020 2747 videri
1038 2715 1199 2756 possunt,
1220 2712 1420 2747 identidem
1436 2715 1613 2760 excerpsi.

151 2764 324 2800 ‘summ
