1932 3322
385 178 470 219 AD
502 177 597 220 ΟΒ.
630 175 822 218 AESCH.
856 173 978 216 PRO
1012 174 1128 215 SUA
1162 175 1372 216 LEGAT.
1502 163 1610 219 347

145 279 214 319 111101
230 277 278 298 res
290 268 355 298 sine
371 267 499 298 deorum
512 266 657 307 auspiciis
672 265 786 305 suscipi
803 274 856 305 ge-

145 313 233 351 rique
247 312 325 341 bono
341 321 409 342 cum
419 322 565 342 successu
578 315 741 350 nequeunt.

190 354 216 393 ᾗ.
231 353 261 383 ν’.
255 365 308 404 p.
324 357 398 386 146.
414 366 443 385 v.
455 357 487 384 7.
503 354 525 384 εἶ
540 353 610 393 γὲς]
634 351 792 391 Interponi
804 361 858 380 ve-

148 397 202 426 lim
222 408 286 436 μεν.
304 398 383 427 alius
408 398 530 437 quidem
551 397 596 427 sic
619 395 762 425 dixisset.
795 394 856 424 Sed

146 440 206 470 hoc
221 441 290 470 leve
303 445 362 471 est.

189 482 216 522 ᾗ.
232 484 273 512 vat.
291 494 320 521 p.
336 485 408 514 147.
425 494 454 513 v.
470 486 500 513 4.
523 481 632 523 συνῇδον
650 484 704 521 γᾶς
724 492 790 514 τους
805 479 857 520 π.]

147 527 232 556 Bene
247 526 349 556 habet.
363 536 470 557 novam
484 525 607 555 orditur
617 525 855 555 criminationem

146 579 221 598 mox
251 569 438 600 diluendam.
469 570 524 609 γὰρ
546 568 722 598 Latinorum
746 576 857 606 nempe,

148 612 289 641 nimirum
305 617 361 642 est.
383 611 565 643 Sexcenties
577 611 620 641 ita
635 614 814 650 usurpatum
827 614 859 640 et

145 654 273 693 reperit,
286 659 318 685 et
338 656 405 695 ipse
427 654 564 685 reddidit
583 653 731 690 Wolfius‚
751 653 794 683 nil
812 653 858 683 of-

146 698 263 733 fensus,
278 698 329 728 hic
343 698 540 738 reprehendit
554 702 666 727 etcum
675 696 703 727 δὲ
715 696 858 732 mutavit,

146 751 206 770 non
221 741 320 771 solum
335 742 418 772 nulla
429 742 469 771 de
485 750 586 774 causa,
610 740 666 770 sed
681 739 772 770 etiam
789 750 859 769 cum

147 784 307 823 elegantiae
330 784 523 815 detrimento.
568 783 637 823 Ego
653 792 726 814 vero
741 784 795 822 γᾶς
810 793 859 813 re·

144 836 265 857 vocavr.

189 869 264 900 ibid.
282 881 313 899 v.
323 872 353 901 9.
368 870 491 911 τούτοις]
516 871 587 900 Non
598 878 782 909 magnopere
792 867 860 906 qni-

147 912 218 942 dem
230 913 369 950 offendit,
381 913 484 943 malim
501 918 613 947 tamen,
628 916 662 941 ut
675 911 860 941 convenien-

146 955 222 991 tius,
236 956 389 992 τοσούτοις,
408 957 440 986 in
459 962 543 987 tanta
559 955 708 984 hominum
722 954 860 983 multitu.-

147 999 216 1029 dine
229 999 353 1040 insignis
366 1004 394 1029 et
407 1009 469 1038 prce
482 1000 550 1029 aliIs
564 998 734 1037 conspicuus
748 1006 838 1026 eram.

191 1041 219 1080 §.
237 1041 288 1075 νβ’.
311 1053 343 1082 p.
359 1044 432 1073 147.
448 1053 478 1071 v.
495 1042 551 1072 ult.
573 1041 639 1082 καὶ]
665 1040 796 1080 Recepi,
826 1044 861 1069 ut

143 1083 234 1114 loeus
247 1085 297 1115 hic
310 1086 454 1125 proximo
468 1085 640 1125 insequenti
651 1083 760 1114 similis
775 1083 862 1115 fieret

146 1137 242 1158 versu
258 1130 289 1158 2.
300 1131 379 1160 013.
394 1140 426 1170 p.
439 1132 512 1159 148.

191 1180 223 1209 p.
237 1175 308 1203 148.
326 1182 357 1202 v.
373 1174 403 1202 8.
425 1172 454 1201 τὶ
478 1183 534 1212 χςη
560 1169 665 1213 λέγειν]
690 1170 769 1201 Post
793 1170 860 1201 haec

146 1215 242 1244 verba
261 1216 373 1245 deesse
393 1215 517 1245 videtur
542 1216 636 1246 ποιεῖν.
663 1214 735 1255 quid
753 1211 861 1254 fucere

145 1257 258 1287 malum
273 1264 469 1288 accusatorem
484 1258 641 1288 dicendum
655 1262 707 1288 est.

186 1299 264 1331 ibid.
281 1312 310 1331 v.
324 1304 376 1332 10.
398 1301 509 1342 θεωρεῖν
530 1318 572 1324 ——
591 1299 726 1342 ἐκφέρειν]
755 1300 860 1339 Impe-

144 1343 211 1374 dita
221 1348 252 1374 et
263 1345 341 1375 dura
349 1344 549 1375 constructio.
566 1344 724 1375 Sententia
733 1343 860 1383 quidem

143 1387 246 1426 plana,
261 1398 368 1419 verum
383 1387 518 1418 elocutio
540 1392 678 1418 contorta
694 1392 725 1417 et
749 1386 860 1416 abhor-

143 1440 225 1460 rens.
241 1429 288 1461 τόν
302 1429 432 1472 προδότην
445 1442 506 1466 πως
525 1433 578 1472 χρὴ
597 1429 717 1471 θεωρεῖν.
752 1430 860 1459 Prodi-

142 1478 234 1503 torem
249 1475 386 1514 quomodo
398 1480 526 1514 spectare
539 1474 670 1514 oportet?
695 1473 726 1502 11.
741 1483 768 1502 0.
793 1471 861 1510 qui-

143 1516 202 1546 bus
213 1516 335 1547 indiciis
345 1518 575 1557 deprehendere
589 1521 690 1566 atque·
692 1515 859 1546 noscitare.

144 1559 195 1589 Ad
219 1560 297 1589 hanc
317 1561 548 1600 responsionem
572 1560 641 1599 quis
666 1558 717 1589 sio
731 1568 860 1598 respon-

145 1602 219 1632 deat
229 1602 243 1631 ⁷.
266 1601 386 1643 ἐκφέρειν
400 1604 465 1637 τοὺς
477 1603 583 1641 λόγους.
599 1607 669 1642 apta
681 1602 747 1632 haec
762 1606 793 1632 et
808 1611 860 1631 co-

145 1645 294 1675 haerentia
307 1656 368 1675 non
383 1651 464 1676 sunt.
502 1646 564 1675 Sed
580 1650 650 1675 sunt
662 1645 814 1674 interdum
826 1645 859 1673 in

145 1687 284 1719 oratione
308 1688 466 1719 AEschinis
490 1688 628 1723 salebrae,
657 1696 732 1726 quas
758 1688 859 1718 facere

144 1741 205 1761 non
219 1741 396 1770 possumus,
413 1731 484 1771 quin
501 1731 720 1770 relinquamus.
764 1730 860 1761 Venit

144 1779 246 1805 tamen
257 1774 419 1814 aliquando
434 1775 465 1804 in
474 1779 606 1804 mentem
622 1773 689 1803 haeo
703 1772 860 1804 molliendi

146 1818 246 1848 saltim
263 1823 294 1848 et
317 1817 530 1858 complanandi
553 1818 662 1847 scabra
684 1816 775 1856 hujus
798 1817 858 1847 loci

143 1862 234 1892 ratio.
255 1858 312 1902 ιῖρίι
329 1871 362 1899 γε
392 1861 448 1902 οὐχ
472 1862 507 1894 ὡς
527 1858 705 1898 συ-λόγους
726 1859 764 1895 εἷς
781 1860 859 1891 δικαι-

143 1904 248 1945 στήςια.
275 1905 388 1946 γράφων
407 1903 540 1954 μισθοῦ,
561 1916 645 1934 τουτο
647 1915 676 1937 υς
699 1902 806 1944 ἐκφέρει
828 1904 860 1935 111

145 1949 235 1978 tertia
251 1958 381 1988 persona
396 1945 558 1988 singularis
572 1947 703 1978 numeri.
747 1948 860 1979 Annon

145 1991 287 2032 proditor
310 1991 399 2021 effert
414 1991 577 2041 orationes,
593 1992 623 2021 h.
632 2002 660 2021 e.
676 1991 860 2030 praevarica-

143 2040 205 2071 tur,
229 2035 384 2074 quomodo
403 2041 437 2065 tu
454 2034 560 2064 amicis
584 2035 647 2064 tuis
670 2044 743 2064 usus
760 2045 803 2064 es.
826 2039 861 2066 ut

145 2077 225 2108 iuter
254 2087 288 2107 se
314 2078 488 2109 cohaereant
514 2074 570 2119 ἕξοι
598 2078 654 2118 οὐχ
682 2077 695 2106 ὁ
721 2077 860 2119 «προδότης

144 2120 264 2161 ἐκφέρει.

188 2164 265 2195 ibid.
281 2173 312 2193 v.
329 2165 380 2196 15.
401 2164 463 2205 neg?
479 2165 528 2194 τοῦ
543 2164 697 2206 σώματος]
720 2164 804 2195 Sitne
823 2165 860 2195 li-

146 2208 213 2244 ber,
228 2218 264 2237 an
278 2207 400 2238 servilis
414 2208 610 2238 conditionis.

186 2250 266 2281 ibid.
288 2261 318 2281 v.
336 2252 387 2281 17.
410 2251 569 2292 φεύγοντος]
601 2251 670 2281 Non
698 2261 789 2281 sensu
815 2252 860 2282 fo-

145 2293 237 2330 rensi,
244 2303 303 2333 quo
311 2294 504 2325 defensorem
514 2304 613 2325 causae
623 2305 686 2324 snae
696 2294 861 2334 significat,

145 2337 201 2367 sed
213 2348 295 2374 eum,
310 2337 362 2377 qui
375 2338 472 2368 solum
487 2338 591 2373 vertit,
605 2338 705 2377 patria
717 2339 861 2369 excessit.

187 2381 265 2410 ibid.
282 2391 313 2410 v.
328 2381 438 2422 20891]
461 2382 539 2412 Post
554 2382 584 2412 δὴ
607 2382 717 2412 deesse
739 2381 863 2413 videtur

146 2435 178 2458 ης
190 2424 241 2454 vel
256 2421 350 2459 ’ἦα-θοι,
365 2435 423 2454 mm
438 2426 515 2455 enim
533 2434 596 2454 eras
609 2434 718 2464 reapse.

188 2467 265 2497 ibid.
280 2478 311 2498 v.
320 2469 372 2497 21.
388 2466 469 2498 τοῦτ’
482 2466 575 2508 ἐστιν]
599 2468 668 2498 11110
682 2477 757 2498 vero
777 2466 866 2498 'raur'

142 2507 237 2546 ἐστιν,
253 2510 315 2540 ob'
307 2521 471 2550 insequens
487 2511 605 2544 τούτοις.
649 2512 863 2551 Conjecturam

148 2553 305 2584 confirmat
317 2554 466 2593 Chrysoc.

191 2595 218 2635 §.
234 2595 285 2635 νγ’.
301 2608 330 2637 11.
348 2600 422 2628 148.
446 2607 479 2627 v.
503 2602 644 2636 antepen.
671 2597 778 2637 αὐτῶν]
803 2599 860 2627 Re-

148 2649 220 2712 ἱ111111.
231 2650 250 2670 a
263 2649 313 2670 me
327 2640 447 2671 fortiter
462 2645 492 2671 et
503 2641 652 2681 praeelare
665 2646 818 2680 gestarum
833 2641 863 2671 in

169 2693 186 2712 e
211 2692 250 2713 is.

190 2735 223 2764 Ρ.
238 2728 312 2757 149.
332 2737 363 2757 ν.
382 2729 412 2757 2.
435 2727 527 2768 ἤμων]
557 2728 741 2758 Communes
768 2727 863 2758 tribu-

148 2778 204 2798 nos
220 2773 252 2798 et
265 2769 429 2808 magistros
444 2776 578 2806 nostros,
594 2770 647 2812 qui
664 2776 727 2802 tum
742 2771 865 2801 commi-

149 2810 261 2842 litones
293 2822 423 2850 eramus,
446 2814 580 2844 cohortis
601 2819 715 2844 nostrae
737 2814 768 2843 in
787 2824 864 2854 prae-

150 2853 266 2884 sectura
278 2855 424 2895 collegas.

192 2896 271 2928 ibid.
286 2907 318 2928 V.
330 2899 360 2929 3.
378 2900 426 2930 τὴν
447 2897 473 2929 ἐν
494 2900 552 2933 τοῖς
573 2898 673 2940 μέρεσι
695 2900 863 2941 στρατείαν]

150 2939 209 2970 Est
219 2941 326 2971 eadem
343 2941 465 2978 militia,
481 2953 548 2982 quae
566 2944 657 2982 paulo
680 2948 752 2982 post
776 2955 864 2974 versu

150 2982 205 3012 ult.
231 2983 287 3019 τὰς
308 2982 340 3014 ἐκ
357 2984 488 3027 διαδοχῆς
509 2984 614 3026 ἐξόδους
630 2987 776 3027 appellat,
796 2997 863 3018 cum

892 271 951 294 non
968 267 1051 294 totus
1069 264 1224 295 exercitus
1242 275 1300 295 una
1313 264 1438 295 excedit
1452 265 1483 294 ln
1496 268 1609 301 costra,

893 307 947 337 sed
971 307 1055 346 globi
1076 307 1260 346 singulares,
1280 306 1353 348 μὲξη
1369 310 1420 342 τῆς
1437 306 1501 341 δ’λης
1517 318 1608 349 στρα-

891 352 969 385 τιᾶς,
984 350 1042 380 sibi
1056 351 1179 380 alternis
1194 351 1373 387 succedunt,
1387 362 1415 381 e.
1429 362 1456 381 c.
1473 361 1543 380 cum
1554 351 1606 380 alii

892 394 1010 423 aestivis
1026 393 1160 432 peractis
1176 394 1299 423 domum
1315 394 1455 432 redeunt,
1475 393 1528 424 alii
1551 404 1606 424 ex·

891 441 965 466 eunt
977 436 1007 466 in
1024 437 1159 466 hiberna.

934 491 965 519 p.
988 482 1060 511 150.
1083 490 1114 509 v.
1138 482 1169 510 6.
1191 478 1381 518 ἀπαγγείλας
1401 497 1443 502 -—
1463 477 1605 518 ἀπαγγεί·

890 524 1004 564 λωντος]
1023 524 1106 553 Bene
1121 523 1223 553 habet.
1253 522 1340 552 Nihil
1356 522 1406 552 hic
1420 522 1543 561 quidem
1560 523 1606 553 lo-

891 565 922 595 ci
938 571 986 596 est
1000 566 1156 597 vitiosum.
1210 567 1299 596 Dura
1317 565 1441 604 quidem
1456 570 1486 595 et
1500 566 1605 596 incon-

890 610 1019 640 veniens
1042 610 1109 640 haec
1133 614 1182 640 est
1206 608 1449 648 nsurpandorum
1482 608 1607 648 partici-

889 651 1011 692 piorum
1032 653 1124 690 ratio,
1147 653 1186 683 sd
1204 652 1312 683 vivum
1337 651 1364 682 si
1387 661 1509 681 reseces
1521 662 1530 689 3
1551 651 1606 681 sed

891 695 1025 726 dandum
1040 700 1087 726 est
1101 697 1159 726 hoc
1174 695 1252 726 mori
1267 696 1457 730 Graecorum,
1472 695 1524 733 qui
1536 704 1607 733 par·

890 738 1082 779 ticipialibns
1104 737 1385 769 constructionibus
1415 738 1609 768 delectaban-

892 786 954 818 tur,
966 786 998 813 ut
1012 792 1101 812 aures
1112 791 1283 821 sensusque
1291 781 1390 811 nostri
1401 791 1505 811 earum
1515 780 1609 811 etiam

892 824 1067 855 insolentiae
1088 830 1180 863 atque
1200 823 1337 859 duritiei,
1360 834 1428 863 quae
1445 833 1528 863 saepe
1551 828 1612 861 est,

893 872 947 896 aut
963 867 1051 897 nobis
1068 867 1175 897 saltem
1191 877 1260 897 esse
1274 866 1408 902 videtur,
1423 867 1610 898 insuescant.

893 909 982 940 Idem
999 916 1046 941 est
1059 921 1093 940 ac
1109 910 1135 940 si
1149 909 1295 941 dixisset.
1309 908 1446 962 τάτε,οτε
1462 909 1613 948 ἀπηγγέλ-

893 958 980 992 λομεν
995 953 1077 993 ἧμεις
1089 954 1138 985 τῆν
1151 951 1233 990 νίκην,
1249 951 1304 992 ἐγώ
1319 962 1352 984 τε
1367 953 1415 982 καὶ
1426 952 1575 993 Τεμενίδης
1563 976 1586 989 „
1598 954 1611 984 ὁ

893 997 1138 1036 &vangir-*Heriem
1162 995 1227 1036 ἔμοι
1247 993 1306 1027 ἀπο
1327 997 1378 1027 τοῦ
1403 1006 1554 1036 στξατοπε
1545 995 1613 1035 ε’,δου

892 1044 958 1069 tum
978 1043 1124 1079 temporis,
1146 1050 1236 1080 quum
1250 1049 1303 1080 ego
1316 1045 1345 1069 et
1361 1037 1542 1077 Temenffles,
1555 1050 1613 1079 pu-

893 1081 969 1113 blica
981 1085 1157 1114 auctoritate
1171 1093 1186 1112 e
1201 1084 1303 1114 castris
1314 1083 1402 1119 missi,
1414 1088 1449 1112 ut
1461 1083 1551 1123 legati
1564 1093 1611 1113 ex-

893 1128 1001 1157 ercitus
1015 1127 1055 1157 ad
1065 1137 1169 1167 remp„
1182 1127 1391 1157 nunciaremus
1401 1126 1566 1156 victoriam.

935 1170 1013 1200 ibid.
1031 1181 1062 1200 v.
1080 1173 1131 1201 12.
1143 1170 1235 1211 μήπω
1249 1169 1402 1211 συνήγορον]
1422 1169 1541 1199 Phocio
1552 1169 1610 1200 mi-

894 1212 924 1242 hi
937 1213 1102 1243 testabitur
1116 1224 1206 1249 nunc,
1219 1223 1381 1253 personam
1395 1211 1482 1242 testis
1497 1213 1612 1243 solum-

893 1256 984 1286 modo
1012 1266 1138 1295 gerens,
1166 1257 1303 1286 nondum
1334 1255 1489 1292 advocati,
1520 1266 1611 1295 quam

892 1299 986 1337 paulo
1000 1304 1073 1339 post
1083 1299 1233 1339 suscipiet
1244 1299 1419 1339 gerendam.
1443 1298 1613 1338 Colligitur

895 1342 974 1372 enim
991 1353 1028 1373 ex
1042 1344 1102 1374 hoc
1115 1343 1198 1380 loco,
1209 1342 1394 1373 Phocionem
1410 1343 1448 1372 ab
1464 1342 1613 1373 AEschine

894 1391 1035 1425 rogatum
1050 1387 1204 1422 fuisse,ut
1216 1386 1400 1417 advocatum
1414 1397 1446 1416 se
1457 1386 1520 1426 ipsi
1533 1396 1612 1425 prae-

894 1429 992 1464 beret,
1007 1431 1137 1470 ejusque
1152 1440 1274 1460 causam
1290 1430 1427 1459 oratione
1441 1434 1591 1460 tueretur.

937 1471 1015 1502 ibid.
1028 1484 1058 1503 v.
1069 1476 1122 1503 20.
1139 1472 1202 1514 ἐῶν]
1225 1474 1292 1502 11110
1306 1483 1380 1503 vero
1396 1472 1444 1503 οὐκ
1461 1471 1518 1502 ἐῶν.
1543 1472 1614 1503 Non

895 1513 1095 1546 Demosthenis
1110 1518 1235 1555 majores
1252 1525 1298 1545 vos
1321 1516 1472 1545 recordari
1493 1526 1551 1545 non
1575 1517 1615 1546 si-

894 1567 975 1587 nens.
995 1558 1025 1588 11.
1043 1568 1070 1587 0.
1088 1569 1146 1587 11011
1170 1557 1338 1596 prohibens
1362 1568 1418 1587 vos
1438 1558 1615 1590 meminisse

890 1601 1076 1638 jactatorum
1104 1611 1122 1630 a
1148 1601 1356 1630 Demosthene
1382 1602 1542 1639 majorum.
1569 1602 1617 1633 οὐκ

894 1642 942 1671 ἐῶν
957 1643 1040 1673 idem
1061 1647 1107 1672 est
1125 1648 1216 1682 atque
1236 1643 1356 1673 κωλύων.
1401 1643 1498 1679 Alias,
1520 1644 1547 1674 si
1562 1656 1617 1675 ne-

896 1684 979 1724 gatto
1004 1686 1197 1723 excludatur,
1222 1696 1280 1726 pro
1306 1685 1354 1716 ἐῶν
1381 1686 1544 1727 legendum
1575 1688 1618 1721 sit

894 1728 995 1769 εἴργων.

938 1771 964 1810 ἑ.
979 1771 1024 1803 νδΙ.
1041 1783 1072 1812 p.
1088 1774 1162 1804 151.
1180 1784 1210 1803 v.
1223 1774 1256 1803 7.
1272 1772 1466 1813 ἐποιήσαμεν,
1489 1772 1616 1816 ἐχρησά·

893 1813 972 1854 μεθοι
984 1827 1088 1850 αυταις
1103 1815 1131 1846 δὲ
1147 1816 1212 1858 ἔτη]
1227 1817 1297 1846 Νο11
1308 1816 1422 1846 dicitur
1431 1819 1519 1848 ποιεῖν
1530 1829 1616 1848 σπον-

894 1857 955 1894 δὰς,
968 1859 1024 1889 5οᾶ
1037 1859 1352 1899 ποιεῖσθαι,11η’0101011
1365 1858 1393 1890 δὲ
1406 1860 1496 1890 11111115
1506 1861 1617 1909 procul

894 1904 1039 1941 rejectum
1068 1907 1126 1933 est.
1147 1903 1272 1933 videtur
1296 1902 1461 1934 AEschines
1488 1903 1534 1933 sic
1561 1905 1617 1935 de-

894 1946 995 1976 disse:
1013 1945 1524 1987 ποιησάμενοι,ἐχρησάμεθαιιῦτοιῖς
1533 1947 1616 1979 Δέτη

893 1987 943 2030 (id
961 1995 1008 2020 est
1023 1989 1090 2020 δέκα
1106 1988 1193 2032 ἔτη)
1183 2004 1196 2022 η
1207 1989 1272 2031 τρία.
1286 1990 1335 2020 aa)
1351 1988 1377 2019 δέ
1368 2001 1427 2025 zue,
1444 1991 1554 2029 quibus
1569 1991 1618 2021 nsi

895 2043 1000 2063 sumus
1016 2044 1072 2073 per
1086 2034 1269 2064 decennium
1284 2039 1336 2062 ant
1345 2034 1496 2063 tredecim
1512 2045 1617 2065 annos.

893 2076 1064 2107 Numerum
1088 2078 1168 2107 enim
1195 2077 1230 2107 X
1249 2076 1389 2107 solebant
1411 2076 1489 2116 sigla
1513 2084 1538 2107 Δ
1561 2088 1616 2107 ex-

893 2119 1040 2159 primere.

937 2163 1015 2194 ibid.
1033 2173 1063 2193 v.
1079 2165 1130 2194 13.
1149 2163 1241 2205 ἡμῶν]
1265 2161 1357 2192 Absit
1374 2173 1410 2192 an
1427 2161 1521 2199 adsit,
1535 2163 1616 2193 haud

894 2207 1024 2237 multum
1052 2207 1174 2247 quidem
1199 2207 1340 2243 interest,
1370 2206 1492 2236 mallem
1516 2211 1617 2236 tamen

895 2251 1014 2280 abesse.

939 2304 969 2333 p.
987 2295 1060 2325 152.
1077 2303 1108 2324 v.
1126 2297 1154 2324 1.
1171 2292 1338 2334 νεμεὸῗξνοιι]
1368 2292 1503 2322 Tametsi
1524 2292 1617 2332 paulo

896 2336 1078 2368 insolentius
1094 2342 1142 2368 est
1161 2336 1353 2377 usurpatum,
1372 2336 1495 2366 videtur
1517 2340 1618 2366 tamen

897 2379 978 2410 haud
1002 2380 1075 2410 ideo
1099 2380 1328 2411 sollicitandum
1356 2389 1437 2409 esse.
1476 2380 1532 2409 Est
1560 2389 1618 2419 pro

897 2422 1131 2464 κατανεμεθῐνοιι,
1157 2423 1392 2463 καταβρωθῗξναι,
1421 2423 1459 2452 ab
1489 2421 1618 2451 homini-

897 2467 968 2504 bus,
978 2478 994 2497 a
1007 2467 1116 2498 bestiis
1129 2471 1160 2498 et
1172 2478 1189 2496 a
1201 2466 1328 2497 flammis
1339 2465 1492 2495 devorari.
1508 2464 1619 2494 Tutius

899 2511 1007 2550 utique
1021 2511 1120 2541 visum
1139 2515 1189 2540 est
1203 2515 1337 2540 veterem
1353 2509 1516 2538 lectionem
1528 2518 1620 2538 revo-

899 2555 973 2590 cari,
988 2565 1045 2594 pro
1059 2552 1211 2594 τμηθῆναι,
1229 2553 1311 2592 quod
1328 2551 1454 2581 Wolfei
1468 2551 1619 2581 substitu-

899 2603 976 2627 erat.

941 2640 1019 2670 ibid.
1045 2652 1075 2671 v.
1107 2643 1137 2671 3.
1169 2636 1401 2678 ἑπτακισχίλια]
1434 2638 1552 2667 Vereor
1582 2648 1619 2667 ne

900 2694 1018 2714 summa
1031 2684 1071 2714 sit
1086 2683 1188 2713 nimia.
1213 2682 1353 2712 Forsitan
1367 2681 1428 2719 leg.
1444 2679 1618 2710 ἑπτακόσιοι.

942 2727 1019 2757 ibid.
1046 2738 1076 2757 v.
1102 2729 1151 2756 10.
1184 2725 1217 2755 δι’
1234 2722 1384 2764 Ἀργείους]
1416 2725 1499 2753 Bene
1517 2724 1620 2760 habet,

899 2771 1075 2809 suscepimus
1100 2769 1208 2798 bellum
1230 2769 1262 2797 ob
1286 2767 1418 2805 Argivos.
1465 2766 1535 2796 Hoc
1561 2772 1619 2802 est,

901 2824 1006 2844 eorum
1021 2814 1051 2843 in
1070 2813 1212 2852 gratiam,
1228 2816 1262 2841 ut
1279 2819 1331 2839 eos
1352 2819 1557 2844 servaremus,
1575 2815 1619 2839 at—

901 2868 960 2896 que
983 2862 1150 2890 tueremur,
1174 2855 1225 2894 qui
1249 2863 1305 2884 nos
1332 2852 1368 2881 ad
1390 2852 1422 2883 id
1448 2853 1619 2883 faciendum

900 2900 1045 2939 precibus
1061 2898 1275 2929 adduxissent.

942 2943 1019 2973 ibid.
1036 2954 1065 2972 v.
1082 2945 1134 2972 14.
1151 2939 1345 2983 ἔνεπέσαμεν]
1380 2942 1443 2972 Cur
1467 2944 1516 2969 aut
1541 2940 1620 2978 Tay—

899 2985 945 3016 lor
972 2991 1063 3025 neget
1088 2995 1121 3028 se
1145 2984 1332 3024 intelligere,
1359 2990 1412 3015 aut
1438 2983 1529 3013 Wolf
1547 2993 1615 3011 cum
