1981 3322
521 187 603 229 DE
634 185 920 229 AESCHINE
952 185 1257 228 ORATORE.
1521 184 1627 226 xxiii

170 295 332 336 Achillis
352 301 392 333 et
411 295 596 341 Patrocli,
617 294 728 343 (ibid.
749 294 780 338 ξ.
802 293 887 342 xS'.)
907 294 955 332 de
976 294 1089 332 famae
1118 300 1158 331 et
1184 290 1376 330 calumnia
1396 291 1631 342 discrimine,

168 362 227 406 (π.
245 356 498 409 Παραπρεσβ.
518 358 549 402 ἓ.
566 357 645 408 μέ.)
665 355 715 393 de
736 368 867 394 amore
881 356 994 406 justo
1011 362 1050 394 et
1067 355 1259 405 improbo,
1280 357 1326 401 (κ.
1345 352 1514 404 Τιμάρχ.
1528 354 1559 396 ἕ.
1575 354 1632 397 κῆ.

167 421 289 469 med.)
319 420 368 458 de
399 420 586 470 majorum
617 431 711 456 cura
743 425 784 456 et
812 418 1020 456 severitate
1047 418 1085 455 in
1116 416 1262 455 tuenda
1288 415 1492 466 pudicitia,
1522 415 1631 462 (ibid.

167 486 198 530 ξ.
215 483 302 531 λς’.)
324 489 363 521 et
389 483 463 520 alia
482 482 643 519 fortasse
664 481 789 531 plura,
813 494 900 531 quae
922 480 961 518 in
988 487 1097 518 tanta
1117 478 1370 517 multitudine
1390 484 1526 515 notare
1547 491 1630 514 suni

167 545 326 585 oblitus.
383 545 484 582 Haec
504 556 595 581 vero
616 543 746 581 omnia
766 544 820 581 ita
838 555 993 593 semper
1013 556 1101 580 cum
1122 555 1240 579 causa
1260 540 1465 590 conjunxit
1484 546 1631 585 orator,

167 612 209 644 ut
236 619 280 644 ea
303 606 365 643 vix
387 606 522 643 abesse
547 619 662 656 posse
682 612 809 656 putes,
832 605 939 655 quod
961 605 998 642 in
1019 604 1216 654 ejusmodi
1236 604 1332 641 locis
1359 603 1632 641 communibus

167 675 208 706 et
227 667 529 718 digressionibus
550 669 664 705 unice
693 674 916 718 spectatum
937 680 1020 705 esse
1047 667 1221 704 rhetores
1242 665 1490 716 praecipiunt.
1539 666 1634 703 Sen-

167 730 295 768 tentiis
315 729 501 780 denique,
524 743 621 781 quas
641 730 757 767 etiam
777 729 825 767 ad
847 729 999 780 copiam
1020 729 1205 767 orationis
1233 728 1426 779 pertinere
1448 726 1629 772 diximus,

166 791 330 829 maxime
350 791 396 829 iis
415 792 453 828 in
472 792 569 829 locis
590 805 681 829 usus
710 799 782 837 est,
806 792 874 829 ubi
903 792 1006 841 leges
1027 790 1224 829 tractavit.
1282 790 1357 827 Vix
1387 789 1491 827 enim
1515 802 1631 826 unam

164 854 287 903 legem
318 853 504 900 laudavit,
538 854 630 904 quin
663 854 790 900 simul,
822 868 901 905 quo
937 853 1112 904 quidque
1149 852 1311 890 consilio
1345 851 1539 890 sancitum
1572 851 1633 896 sit,

163 915 304 954 idonea
333 917 523 954 sententia
549 923 589 955 et
622 930 642 955 e
673 930 714 955 re
747 924 836 955 nata
857 917 1019 954 doceret
1049 923 1088 953 et
1119 914 1352 965 legislatoris
1386 913 1632 964 prudentiam

162 978 468 1016 commendaret.
497 979 587 1023 Qua
605 979 643 1016 in
664 992 703 1017 re
720 986 853 1018 orator
869 992 995 1017 rerum
1009 977 1176 1016 civilium
1191 976 1369 1028 peritiam
1391 982 1431 1013 et
1446 977 1632 1025 eloquen-

164 1040 256 1078 tiam
279 1040 569 1087 demonstravit,
586 1042 715 1092 legum
736 1043 1012 1080 auctoritatem
1033 1038 1278 1078 confirmavit
1293 1045 1332 1076 et
1349 1038 1528 1076 tenuitati
1546 1051 1633 1076 ora-

165 1102 283 1141 tionis
303 1104 487 1142 occurrit.

703 1227 734 1268 S
763 1226 803 1268 E
829 1226 864 1268 C
891 1226 944 1268 T.
1005 1225 1093 1268 VI.

725 1325 791 1363 De
809 1324 1074 1376 simplicitate.

219 1412 299 1457 Qui
323 1413 362 1451 in
383 1412 554 1451 dicendo
574 1418 752 1450 ornatum
774 1412 1011 1463 copiamque
1033 1411 1141 1457 vitat,
1162 1412 1215 1449 ita
1243 1417 1387 1454 tamen,
1417 1414 1458 1447 ut
1480 1422 1634 1459 semper

163 1480 311 1521 caveat,
333 1489 381 1513 ne
411 1475 450 1512 in
479 1475 629 1513 aridum
661 1481 701 1512 et
731 1474 873 1512 humile
902 1473 1059 1512 dicendi
1088 1487 1210 1524 genus
1242 1473 1462 1518 delabatur,
1491 1471 1557 1509 sed
1594 1478 1636 1508 ut

163 1537 441 1587 elegantiorum
463 1537 662 1574 hominum
684 1550 898 1574 sermonem
927 1536 976 1573 de
1002 1536 1118 1573 rebus
1138 1535 1320 1572 tenuibus
1341 1535 1513 1583 vitaeque
1541 1545 1636 1570 con-

165 1599 413 1636 suetudinem
429 1599 600 1636 imitetur
614 1605 653 1636 et
672 1598 770 1635 nihil
790 1598 863 1635 nisi
884 1598 1093 1648 puritatem
1110 1605 1149 1635 et
1170 1597 1493 1647 perspicuitatem
1508 1601 1632 1640 curet,

162 1660 198 1697 ei
218 1660 402 1697 orationis
423 1660 651 1710 simplicitas
674 1660 868 1698 tribuitur.
927 1661 964 1697 ls
991 1660 1111 1710 igitur
1130 1666 1275 1704 orator,
1300 1659 1368 1708 qui
1389 1656 1634 1708 simplicitati

161 1721 307 1767 studet,
325 1735 397 1759 nec
414 1734 539 1759 rerum
557 1721 672 1772 copia
694 1727 732 1759 et
752 1721 999 1759 multitudine
1017 1722 1232 1759 orationem
1254 1720 1482 1770 ampliorem
1505 1719 1634 1764 faciet,

159 1797 232 1822 nec
251 1784 453 1822 sententiis
476 1785 602 1822 acutis
633 1791 672 1823 et
700 1785 899 1830 inauditis,
923 1784 990 1822 sed
1012 1784 1237 1834 vulgaribus
1258 1789 1298 1821 et
1319 1782 1517 1821 consuetis
1547 1788 1633 1820 ute-

159 1851 235 1884 tur.
299 1847 519 1885 Verborum
550 1860 738 1885 novorum
768 1854 807 1885 et
836 1847 1030 1885 factorum
1061 1845 1322 1891 insolentiam,
1358 1845 1633 1883 translatorum

157 1911 386 1962 gravitatem
401 1913 726 1963 suavitatemque,
736 1913 956 1964 priscorum
970 1912 1323 1961 obsoletorumque
1336 1910 1634 1954 obscuritatem,

159 1974 471 2024 compositorum
500 1974 759 2024 granditatem
788 1975 1037 2013 vehementer
1064 1974 1215 2021 vitabit,
1246 1973 1418 2024 propria,
1447 1978 1634 2010 consueta

159 2041 198 2073 et
218 2049 239 2073 e
258 2036 452 2074 translatis
483 2049 561 2074 non
582 2036 653 2074 nisi
683 2037 775 2075 trita
801 2043 841 2075 et
870 2037 1068 2075 notissima
1096 2036 1315 2075 adhibebit.
1374 2036 1419 2072 In
1441 2033 1638 2085 composi-

160 2098 267 2136 tione
287 2111 364 2136 non
385 2105 504 2136 artem
532 2105 570 2136 et
591 2099 910 2146 concinnitatem,
940 2099 1008 2138 sed
1030 2106 1207 2138 naturam
1237 2104 1276 2136 et
1305 2097 1539 2148 elegantiam
1572 2110 1634 2134 se-

161 2167 315 2211 quetur.
360 2161 461 2206 Jam,
484 2161 514 2198 si
533 2175 580 2199 ex
599 2161 673 2199 hac
694 2162 882 2200 tenuitate
904 2161 1131 2212 simplicitas
1152 2167 1332 2212 apparet,
1348 2159 1563 2203 videamus,
1586 2171 1634 2196 an

159 2222 364 2261 AEschines
386 2236 546 2273 quoque
566 2229 767 2262 attenuate
795 2230 835 2262 et
863 2224 1091 2275 simpliciter
1111 2223 1292 2274 quaedam
1314 2221 1466 2260 dixerit.
1525 2221 1633 2264 Quid

160 2291 290 2323 autem
317 2285 532 2336 simplicius
559 2286 692 2325 dicere
710 2286 852 2337 potuit,
873 2300 991 2337 quam
1012 2287 1124 2325 haec:
1156 2289 1204 2334 (κ.
1224 2286 1388 2337 Κτησιφ.
1410 2288 1444 2333 ξ.
1466 2284 1524 2320 κά.
1546 2281 1632 2331 fin.)

159 2350 249 2394 λέξω
269 2348 306 2386 δὲ
325 2355 472 2400 πρῶτον
491 2351 574 2400 περὶ
592 2355 656 2387 τοῦ
682 2351 827 2401 πρώτου
847 2355 973 2402 καιροῦ
994 2351 1053 2387 καὶ
1075 2349 1238 2400 δεύτερον
1257 2350 1337 2399 περὶ
1357 2353 1420 2386 τοῦ
1448 2347 1633 2398 δευτέρον,

161 2411 221 2447 καὶ
247 2414 372 2459 τρίτον
393 2412 476 2462 περὶ
504 2419 568 2449 τοῦ
593 2412 732 2464 ἐφεξῆς,
764 2414 824 2448 καὶ
854 2416 1034 2463 τέταρτον
1055 2414 1138 2463 περὶ
1161 2418 1232 2450 τῶν
1260 2416 1327 2449 νῦν
1353 2408 1636 2455 καθεστηκότων

160 2473 409 2523 πραγμάτων.
466 2473 566 2511 Item
596 2474 713 2525 paulo
743 2480 859 2524 post:
889 2478 939 2524 (ξ.
969 2475 1058 2525 κγ’.)
1088 2478 1171 2523 νικᾷ
1201 2476 1273 2525 ’γὰρ
1305 2472 1429 2524 ἕτερον
1461 2473 1636 2523 ψήφισμα

159 2532 402 2586 Φιλοκράτης,
435 2535 476 2574 ἓν
504 2533 532 2589 ᾧ
561 2539 697 2574 κελεύει
728 2536 884 2575 ἑλέσθαι
918 2536 1003 2575 δέκα
1033 2536 1225 2587 πρέσβεις,
1256 2535 1390 2578 οἵτινες
1420 2536 1636 2586 ἀφικόμενοι

159 2595 252 2646 πρὸς
271 2596 460 2636 Φίλιππον
479 2601 697 2646 ἀξιώσουσιν
716 2599 831 2637 αὐτὸν
851 2599 951 2649 δεῦρο
975 2598 1152 2650 πρέσβεις
1172 2598 1447 2650 αὐτοκράτορας
1478 2598 1637 2648 πέμπειν

159 2658 249 2710 ὑπὲρ
267 2669 334 2706 τῆς
353 2663 511 2711 εἰρήνης.
541 2665 679 2700 τούτων
697 2660 752 2705 εἷς
771 2660 817 2708 ἦν
837 2662 1091 2713 Δημοσθένης,
1113 2660 1284 2711 κᾴκεῖἓεν
1310 2661 1505 2704 ἐπανήκων
1530 2659 1636 2696 ε’παι·

161 2722 266 2767 νέτης
283 2720 330 2767 ἦν
349 2732 414 2768 τῆς
432 2725 579 2775 εἰρήνης
606 2726 665 2761 καὶ
687 2726 805 2762 ταύτὰ
833 2729 911 2767 τοῖς
938 2725 1073 2767 ἄλλοις
1100 2722 1306 2775 πρέσβεσιν
1333 2723 1544 2770 ἀπήγγειλε
1576 2721 1636 2758 καὶ

162 2783 276 2831 μόνος
301 2791 373 2823 τῶν
398 2784 614 2833 βουλευτῶν
644 2786 789 2838 ἔγραψε
817 2789 1044 2825 σπείσασθαι
1073 2790 1123 2838 τῷ
1151 2788 1273 2836 κήρυκι
1294 2789 1342 2836 τῷ
1370 2787 1472 2836 παρὰ
1491 2788 1555 2822 τοῦ
1574 2783 1637 2821 Φι-

162 2842 305 2882 λίππου
325 2848 384 2884 καὶ
401 2853 479 2891 τοῖς
496 2846 717 2900 πρέσβεσιν.
774 2848 820 2886 In
842 2848 918 2899 his,
943 2849 973 2886 si
994 2849 1044 2886 ab
1066 2848 1179 2886 initio
1199 2860 1272 2898 pro
1293 2846 1415 2884 verbo
1438 2849 1519 2895 νικᾷ
1541 2845 1637 2884 scri-

163 2903 279 2943 batur
298 2908 441 2960 γράφει,
463 2916 571 2948 totus
591 2911 700 2948 locus
720 2910 794 2949 erit
814 2911 1143 2962 simplicissimus.
1202 2911 1365 2956 Rursus,
1386 2922 1475 2947 cum
1495 2908 1572 2946 alio
1592 2908 1632 2944 in

160 2965 248 3005 loco
269 2968 445 3008 notiones
464 2972 673 3011 verborum
695 2972 891 3024 explicat:
921 2975 974 3023 (κ.
992 2973 1163 3025 Τιμάρχ.
1186 2976 1221 3021 ξ.
1245 2972 1326 3020 κέ.)
1353 2972 1446 3009 ὅπου
1466 2972 1539 3022 μὲν
1559 2973 1632 3021 γὰρ
