1916 3340
305 207 356 249 18

350 309 511 343 wawere-mv.
527 312 548 340 7
551 311 582 346 9,
594 308 712 350 penult.

309 353 526 397 γραμματεῖον]
556 351 703 393 ἐγγράφειν
728 351 765 386 εἷς
790 351 824 381 τὸ
845 348 1023 391 ληξιαρχικὸν

353 397 566 439 γραμματεῖον.
582 398 614 430 3,
627 398 678 426 28.
691 401 724 425 et
736 398 787 430 14,
797 397 850 425 31.
862 395 940 424 κατὰ
953 405 1024 431 συγ-

355 443 469 481 γραφὰς
484 437 626 479 ἐμισθώθη
641 439 689 468 καὶ
703 439 913 478 γραμματεῖον.
933 438 985 472 23,
995 438 1026 467 3.

358 487 438 514 κατὰ
455 483 656 523 γραμματεῖον
671 480 767 511 ἑαυτὸν
781 479 994 520 καταισχύνειν,
1009 489 1027 508 e

361 532 453 567 pacto
470 526 564 556 literis
582 525 760 566 consignato
784 530 816 553 et
837 524 921 564 apud
947 522 1028 552 arbi-

362 575 441 600 trum
458 569 612 610 deposito.
629 571 683 604 23,
699 570 729 598 6.

320 614 517 653 γραμματεὺς
529 612 721 652 praelegebat
737 611 784 640 τῆν
798 609 914 649 γραφὴν,
925 618 976 638 seu
996 606 1030 636 li-

366 656 478 687 bellum
495 654 700 685 accusationis
721 653 759 682 ab
781 657 881 682 actore
901 652 930 680 in
947 661 1031 680 reum

365 699 548 733 exhibitum,
564 703 729 737 antequam
754 701 837 726 actor
863 694 1033 724 orationem

364 742 586 773 accusatoriam
609 739 809 770 exordiretur.
832 740 862 771 1,
879 740 908 768 8.
932 736 1035 776 ἐγγρά-

367 793 426 824 φειν
440 783 518 823 λόγον
531 784 578 813 καὶ
600 782 716 816 εὐθύνας
732 780 805 822 πρὸς
827 779 873 811 τὸν
893 791 1036 820 γραμμα-

367 828 422 858 τέα
439 828 487 856 καὶ
506 827 569 860 τοὺς
584 826 733 863 λογιστάς.
751 826 803 859 56,
817 826 846 854 3.
869 821 1038 862 ἀναποδίζειν

368 871 415 900 τὸν
436 868 632 911 γραμματέα,
652 868 758 907 jubere
780 869 845 905 jam
873 867 1000 896 recitata
1020 875 1038 894 a

370 914 471 943 scriba
486 913 589 942 denuo
605 911 737 941 recitari.
755 913 807 945 81,
823 911 875 940 26.

325 957 456 996 γράφειν]
473 956 577 995 γραφῆν
591 952 757 994 γράφεσθαί
771 964 844 988 τινα,
862 953 893 982 in
908 952 1040 991 aliquem

372 999 532 1029 instituere
548 998 701 1028 actionem
716 998 808 1036 γραφὴ
825 995 950 1025 dictam.
969 998 999 1030 1,
1011 996 1041 1023 2.

370 1040 529 1082 γραφέσθω
547 1039 612 1081 πρὸς
627 1041 692 1073 τοὺς
706 1037 909 1078 θεσμοθέτας,
926 1037 1044 1068 deferat

373 1096 460 1115 suam
471 1084 697 1115 accusationem
707 1082 844 1122 (γραφὴν)
854 1082 892 1111 ad
909 1082 1043 1111 thesmo-

374 1129 484 1158 thetas.
502 1130 534 1163 3,
552 1131 604 1156 14.
627 1126 792 1166 γράφεσθαι
821 1125 899 1165 νόμον
918 1125 960 1164 μὴ
981 1122 1045 1154 ἐπι·

374 1171 475 1202 τὴδειον
486 1169 562 1200 εἶναι.
576 1173 607 1205 5,
619 1172 672 1200 30.
690 1166 846 1209 μαρτυρίαν
859 1168 972 1208 γράφειν
983 1164 1046 1196 τινί.

375 1217 408 1249 ’7,
426 1218 478 1244 11.
504 1216 556 1244 24.
572 1218 604 1243 et
619 1216 671 1248 10,
688 1214 718 1242 9.
744 1209 924 1251 παραβαίνειν
945 1212 984 1240 τα
1001 1220 1049 1248 γε-

376 1256 546 1298 γραμμένα,
561 1261 654 1295 pacta
673 1259 825 1286 conventa
841 1254 934 1284 literis
949 1252 1048 1283 consi-

380 1307 473 1340 gnata
489 1300 614 1329 violare.
637 1301 690 1334 23,
708 1301 759 1328 12.
782 1298 883 1337 γράφει
909 1295 930 1325 δ’
946 1295 971 1325 έν
991 1296 1051 1328 τοῖς

380 1342 569 1383 ψηφίσμασιν
592 1342 680 1383 εὐχὰς
702 1340 770 1380 ὑπὲρ
794 1342 843 1373 τῆς
865 1338 971 1372 πόλεως
986 1340 1052 1372 ταῖς

380 1387 501 1427 σεμναῖς
517 1386 608 1419 θεαῖς.
626 1386 678 1419 26,
691 1386 742 1414 37.
767 1382 969 1422 γεγραμμένα,
985 1392 1052 1411 ora-

380 1431 424 1459 tio
440 1429 531 1459 literis
548 1428 706 1461 mandata,
720 1436 812 1467 quarn
826 1431 926 1455 orator
939 1434 1053 1454 merno-

382 1472 454 1503 riter
475 1472 606 1501 recitans
622 1480 726 1500 coram
751 1479 784 1499 se
811 1468 917 1504 habet,
941 1478 1014 1507 quo,
1031 1467 1055 1496 si

384 1515 468 1545 filum
484 1513 630 1544 orationis
652 1513 783 1547 amittat,
797 1516 829 1541 et
852 1511 1055 1540 dicendorum

384 1558 590 1591 obliviscatur,
605 1555 802 1596 inspiciendo
818 1554 850 1584 in
863 1564 919 1584 sua
932 1554 1056 1594 scripta,

385 1610 487 1631 rursus
508 1599 657 1634 invenire,
672 1603 704 1628 et
719 1598 751 1627 in
766 1598 847 1627 viam
870 1597 969 1627 redire
988 1606 1058 1636 pos-

386 1645 433 1674 sit.
450 1645 503 1673 τῶν
518 1640 722 1683 γεγραμμένων
738 1641 890 1679 διεσφάλη,
906 1650 938 1670 er
952 1640 991 1669 ist
1005 1649 1058 1669 aus

387 1688 458 1717 dem
477 1685 639 1726 Concepte
657 1686 854 1725 gekommen.
869 1684 922 1718 33,
939 1685 970 1712 2.
993 1682 1059 1722 γρά-

386 1729 499 1769 ‹pso-&at
517 1740 580 1758 τινα
603 1727 771 1768 τραύματος
791 1726 907 1766 γραφήν.
935 1728 989 1760 40,
1009 1727 1060 1756 28.

386 1772 533 1813 ἅνθρωπος
557 1771 625 1811 περὶ
652 1770 685 1800 τὸ
710 1771 823 1811 γράφειν
848 1768 930 1809 μέγα
955 1769 1061 1809 φρονῶν,

387 1818 440 1857 qui
457 1816 514 1846 sibi
527 1814 619 1844 valde
633 1813 737 1855 placet
748 1813 779 1842 in
792 1813 971 1843 dexteritate
985 1812 1062 1841 bene

389 1858 556 1890 scribendi.
573 1860 626 1892 44,
648 1859 700 1887 36.
723 1856 836 1896 γράφειν
858 1854 954 1892 λόγους
973 1854 1010 1887 εἰς
1026 1854 1064 1883 δι-

389 1902 531 1941 καστήρια
556 1900 680 1939 μισθοῦ.
701 1900 754 1934 50,
775 1901 827 1928 21.
854 1897 898 1927 ὅτι
918 1898 1064 1937 μεσοῦντα

389 1947 438 1975 τὴν
458 1945 544 1984 ἀρχὴν
566 1941 687 1982 ’ἔγραψεν
701 1940 783 1971 αὐτὸν
802 1942 966 1980 στεφανοῦν,
980 1939 1064 1980 quod
1081 1946 1082 1949 ’

391 1993 497 2018 auctor
513 1986 623 2016 fuisset
648 1985 807 2015 scribendo
829 1985 965 2018 decreto,
981 1992 1067 2013 coro-

393 2031 489 2060 nandi
513 2028 746 2058 Demosthenis.
764 2030 816 2062 57,
833 2029 884 2057 19.
908 2024 1067 2067 γράφεσθαι

393 2074 430 2107 εἰς
450 2073 534 2112 ἄρειον
548 2073 647 2109 πάγον,
663 2071 702 2101 ad
723 2070 962 2110 areopagiticum
980 2079 1068 2099 sena-

392 2123 457 2146 tum
469 2115 599 2145 deferre.
611 2118 664 2150 60,
678 2114 796 2154 penult.
812 2113 936 2152 πόλεμον
946 2112 1071 2152 γράφειν,

394 2165 503 2190 auctor
518 2168 585 2188 esse
609 2156 737 2192 decreti,
752 2167 813 2197 quo
834 2156 948 2186 bellum
965 2156 1070 2185 decer-

395 2208 496 2238 natur,
511 2206 542 2231 et
558 2201 657 2241 parari
668 2200 841 2240 imperetur.
857 2200 971 2234 61,23.
994 2198 1023 2228 οὔ
1039 2196 1074 2226 δι’

396 2244 585 2284 αἰνιγμάτων,
605 2242 675 2272 ἀλλ’
688 2242 803 2283 ἐναργῶς
820 2240 996 2282 γέγραπται.
1017 2243 1072 2277 70,

395 2291 449 2320 34.
473 2287 535 2327 πρὶν
547 2285 619 2326 μίαν
633 2286 716 2327 μόνην
731 2283 875 2316 συλλαέἢν
891 2282 1002 2325 γράψαι
1017 2290 1072 2314 Δη·

395 2329 540 2371 μοσΘένην.
555 2331 609 2365 73,
625 2332 679 2360 32.
702 2326 875 2358 διαδικασίαν
888 2328 939 2367 ἔφη
957 2325 1075 2368 γράψειν

396 2374 440 2413 τῷ
460 2373 577 2414 βήματι
600 2371 665 2413 πρὸς
684 2371 717 2401 τὸ
737 2371 929 2412 στρατηγεῖον.
951 2372 1006 2406 74,
1025 2372 1074 2400 19.

396 2417 563 2459 τραύματος
582 2414 614 2445 ἐκ
630 2413 751 2455 προνοίας
765 2416 877 2454 γραφὰς
893 2412 1076 2453 γραφόμενος.

399 2463 453 2497 84,
466 2463 518 2491 21.
541 2458 728 2490 πανυστάτην
743 2456 830 2496 ἔξοδον
840 2455 1005 2497 γράψαντα,
1021 2466 1076 2486 au-

401 2509 468 2535 ctor
490 2503 521 2533 in
546 2504 671 2532 decreto
698 2501 831 2541 publico,
857 2502 923 2539 ejus
948 2499 1074 2539 expedi-

403 2546 510 2583 tionis,
533 2556 602 2586 quae
618 2545 754 2575 omnium
768 2549 926 2584 postrema
938 2542 1006 2572 fuit.
1023 2544 1076 2578 88,

358 2632 467 2675 γραφὴ]
492 2632 598 2671 γραφῆν
619 2628 779 2671 γράφεσθαί
801 2639 875 2663 τινα,
895 2628 926 2658 in
943 2627 1077 2668 aliquem

402 2676 564 2706 instituere
581 2674 732 2703 actionem
746 2673 838 2712 γραφὴ
855 2671 979 2701 dictam.
998 2674 1030 2706 1,
1048 2673 1078 2700 2.

401 2721 450 2750 τὴν
463 2719 580 2758 γραφὴν,
596 2727 648 2746 seu
659 2715 799 2745 libellum
809 2713 1026 2749 accusationis,
1041 2714 1079 2743 ab

403 2767 506 2792 actore
528 2761 559 2790 in
584 2769 666 2789 reum
697 2758 868 2789 exhibitum
894 2756 1080 2797 praelegebat

402 2804 608 2845 γραμματεὺς,
633 2806 798 2842 antequam
812 2805 896 2830 actor
911 2800 1078 2829 orationem

404 2847 624 2879 accusatoriam
650 2845 848 2874 exordiretur.
871 2846 900 2879 1,
916 2845 947 2872 8.
971 2843 1080 2882 ἑταιρή-

404 2901 475 2924 σεως
493 2889 598 2930 γραφή.
616 2891 647 2923 2,
662 2887 780 2928 penult.
802 2888 893 2927 γραφὴ
917 2885 1027 2926 ὕβρεως.
1047 2888 1080 2921 3,

406 2936 457 2963 12.
481 2930 672 2973 ἐγγράφεσθαι
687 2929 742 2960 ἐστὶ
757 2932 872 2971 γραφὴν,
885 2928 1014 2959 actionis
1028 2939 1081 2958 au-

405 2981 517 3005 ctorem
545 2975 675 3015 aliquem
706 2975 738 3003 in
761 2973 864 3003 libello
892 2972 1081 3002 accusatorio

407 3020 509 3049 edere.
529 3020 582 3054 30,
597 3021 627 3049 3.
655 3016 822 3056 τραύματος
843 3015 939 3055 γραφῇ
960 3013 1013 3045 οὐδ’
1029 3014 1081 3045 ἐπ-

724 198 918 242 INDEX
953 198 1335 240 GRAECITATIS

1098 307 1182 346 εξιών.
1197 310 1251 344 40,
1267 309 1320 339 27.
1343 304 1508 348 γράφεσθαί
1521 316 1585 336 τινα
1607 305 1775 347 τραύματος

1099 350 1215 391 γραφήν.
1230 354 1283 387 40,
1298 352 1351 382 28.
1373 348 1547 390 παρανόμων
1557 348 1664 389 γραφαὶ
1682 359 1774 389 quam

1101 394 1161 424 sint
1173 395 1351 435 reipublicae
1366 393 1470 430 utiles,
1485 397 1516 423 et
1526 396 1640 433 quanta
1651 391 1690 422 iis
1701 391 1774 422 insit

1103 437 1148 467 vis
1166 438 1205 467 ad
1223 438 1370 468 tuendam
1386 436 1557 467 libertatern
1573 434 1708 470 civilem,
1719 434 1774 464 do·

1104 484 1201 511 cetur.
1213 482 1267 516 54,
1276 483 1327 510 20.
1340 489 1426 520 seqq.
1437 480 1477 508 τὰ
1490 477 1550 518 περὶ
1566 479 1615 509 τὴν
1630 478 1679 507 τοῦ
1691 476 1777 517 τραύ-

1104 535 1200 563 ματος
1215 525 1320 563 γραφὴν
1331 521 1375 562 τῷ
1386 520 1556 561 Δημοσθένει
1567 517 1779 561 augescunt-ra.

1107 569 1160 602 60,
1177 569 1229 597 42.
1244 567 1350 606 γραφῆ,
1367 575 1433 595 raro
1454 574 1543 595 sensu
1560 573 1615 604 pro
1631 562 1782 594 ἐπιστολή.

1108 611 1162 645 67,
1185 611 1216 639 5.
1240 608 1344 642 δειλίας
1365 607 1483 648 γραφαί.
1508 609 1561 642 78,
1582 609 1634 636 42.
1657 604 1783 646 ’παρανό-

1108 662 1170 692 μων
1190 651 1303 692 γραφὰς
1325 652 1437 681 ἀνεῖλον.
1462 652 1514 686 81,
1530 651 1583 680 19.
1600 647 1784 688 ἐξαιτεῖσθαι

1110 696 1164 728 τὰς
1179 697 1291 736 γραφὰς
1305 697 1359 725 τῶν
1374 692 1550 735 παρανόμων.
1568 694 1620 728 82,
1637 694 1666 722 8.
1685 692 1699 722 ἦ
1715 689 1787 731 ἦμέ-

1112 749 1146 777 ρα
1162 737 1307 778 διαιρεῖται
1323 738 1361 771 εἷς·
1382 735 1447 776 τρία
1463 735 1546 777 μέρη,
1564 733 1630 765 δ’ταν
1645 733 1714 775 εἰσίῃ
1727 745 1786 764 ποι-

1113 779 1236 821 ρανόμων
1249 781 1341 821 γραφὴ
1361 780 1398 815 εἰς
1418 778 1451 808 τὸ
1466 778 1648 819 δικαστήριον.
1667 779 1720 812 82,
1734 780 1786 807 12.

1114 823 1283 864 τραύματος
1298 822 1330 853 ἐκ
1346 821 1467 863 προνοίας
1483 823 1597 862 γραφὰς
1608 819 1790 861 γραφόμενος.

1116 868 1169 902 84,
1186 869 1238 896 21.
1260 864 1406 906 ἀποφέρειν
1418 866 1465 896 τὴν
1479 863 1672 905 γραφὴν,εοί1.
1684 863 1723 893 ad
1736 862 1789 903 ju-

1118 910 1203 940 dices
1225 910 1256 939 in
1278 909 1385 939 forum.
1409 908 1461 944 85,
1484 911 1513 938 2.
1536 910 1588 938 11.
1611 904 1789 945 ἀποψηφίζε-

1118 952 1193 982 σθαι
1216 954 1265 983 τὴν
1287 951 1401 993 γραφήν.
1426 954 1478 987 86,
1500 953 1551 982 31.
1573 952 1686 992 γραφεὶς
1706 949 1792 990 δώρων

1118 994 1319 1035 ἁλισκομένους
1332 995 1486 1035 ἀτιμοῦτε.
1502 996 1553 1030 87,
1572 995 1602 1023 3.

1076 1037 1241 1078 γυμνάζειν]
1265 1037 1440 1071 ἀποβλέπειν
1464 1036 1502 1072 εἷς
1525 1039 1579 1071 τὰς
1602 1037 1657 1066 τῶν
1681 1046 1792 1075 γυμνα-

1122 1081 1244 1122 ζομένων
1255 1080 1370 1120 εὐεξίας.
1386 1083 1438 1111 26.
1454 1080 1573 1122 penult.

1079 1123 1301 1165 γυμνασίαρχοι.
1325 1127 1356 1158 2,
1368 1125 1421 1154 34.

1080 1168 1249 1208 γυμνάσιον]
1274 1165 1400 1207 ἐξείργειν
1424 1168 1474 1196 τοῦ
1495 1163 1663 1206 γυμνασίου.
1686 1167 1718 1200 2,
1743 1163 1796 1194 35.

1125 1210 1242 1252 ὄχληρός
1265 1209 1291 1240 ἓν
1311 1211 1370 1244 τοῖς
1384 1209 1560 1250 γυμνασίοις.
1578 1211 1630 1244 19,
1645 1210 1676 1238 7.
1701 1209 1756 1242 τοὶς
1771 1205 1797 1236 ἔν

1125 1255 1184 1287 τοῖς
1214 1252 1380 1292 γυμνασίοις
1400 1255 1482 1292 μετὰ
1503 1255 1558 1282 τῶν
1580 1250 1712 1292 νεωτέρων
1740 1261 1797 1290 μου

1128 1296 1276 1337 διατριβάς
1289 1295 1538 1336 καταμέμφεται.
1561 1297 1614 1330 84,
1629 1297 1681 1326 40.

1085 1340 1231 1380 γυμνικὸς]
1256 1339 1386 1378 γυμνικοὶ
1404 1340 1513 1377 ἀγῶνες.
1538 1340 1591 1373 83,
1608 1340 1661 1367 22.

1085 1382 1189 1422 γυμνὸς
1210 1380 1433 1422 ἐπαγκρατίαζε,
1455 1382 1522 1411 sine
1547 1381 1653 1422 pallio,
1675 1378 1800 1418 abjecto

1131 1425 1236 1465 pallio.
1250 1428 1282 1459 4,
1298 1427 1349 1455 33.
1373 1423 1477 1463 γυμνὸς
1492 1423 1609 1465 ’ἔρχεται
1622 1423 1660 1456 εἷς
1670 1425 1719 1454 τὴν
1734 1423 1800 1460 ἄγο-

1131 1468 1186 1507 ράν.
1210 1470 1242 1502 9,
1259 1470 1310 1498 14.

1089 1510 1255 1550 γυναικεῖος]
1278 1510 1421 1548 γυναικεῖα
1443 1509 1651 1550 ἁμαρτήματα
1666 1507 1802 1548 ἁμαρτά-

1133 1563 1190 1584 νειν.
1208 1556 1260 1589 26,
1276 1556 1328 1584 22.
1358 1551 1426 1593 μηδ’
1449 1554 1564 1593 ἀνάνδρῳ
1588 1552 1636 1582 καὶ
1661 1547 1804 1590 γυναικείῳ

1135 1598 1183 1628 τὴν
1197 1595 1273 1637 ὄργῆν
1296 1595 1435 1636 ἀνθρώπῳ
1449 1596 1636 1637 παραδοῦναι.
1659 1597 1711 1629 52,
1729 1596 1781 1623 17.

1093 1640 1173 1681 γυνὴ]
1197 1642 1295 1671 λεπτὰ
1316 1639 1383 1680 ἔργα
1406 1641 1444 1674 εἷς
1462 1641 1510 1671 τὴν
1525 1637 1624 1681 ἀγορὰν
1639 1636 1807 1678 ἐκφέρουσαν

1136 1684 1265 1721 γυναῖκα.
1281 1686 1333 1718 14,
1346 1685 1377 1713 3.
1394 1681 1576 1723 κοσμεῖσθαι
1586 1682 1705 1720 γυναῖκα
1716 1679 1763 1709 οὐκ
1774 1678 1808 1718 ἐξ

1139 1726 1239 1762 Σόλὼν,
1251 1724 1297 1765 ἐφ’
1312 1723 1330 1767 ᾗ
1340 1725 1373 1755 ἒιν
1387 1726 1448 1764 ἁλῷ
1462 1725 1640 1767 μοιχός.26,
1661 1726 1712 1753 12.
1741 1723 1808 1752 οἰνα-

1138 1769 1282 1809 μάρτητοι
1294 1771 1349 1798 τῶν
1362 1771 1504 1807 γυναικῶν.
1516 1770 1569 1804 26,
1585 1770 1635 1798 14.
1654 1765 1744 1807 φέρνην
1759 1764 1809 1795 ἐπὶ

1138 1813 1177 1854 τῇ
1192 1812 1298 1850 γυναικὶ
1315 1811 1413 1844 λαβεῖν
1430 1813 1480 1843 τὴν
1497 1811 1601 1853 χώραν.
1618 1811 1734 1846 32,22.
1751 1819 1810 1839 πα-

1141 1853 1350 1895 ρακατακλίνειν
1365 1856 1413 1885 τῆν
1422 1854 1523 1884 ἑαυτοῦ
1537 1854 1655 1892 γυναῖκα
1666 1851 1809 1882 Κνωσίωνι.

1142 1900 1196 1932 48,
1216 1900 1267 1928 10.
1294 1897 1372 1937 μήτε
1392 1899 1439 1935 γῆν
1465 1897 1587 1938 καρποὺς
1610 1895 1709 1936 φέρειν,
1732 1894 1811 1934 μήτε

1141 1941 1277 1980 γυναῖκας
1299 1939 1383 1969 τέκνα
1410 1940 1517 1970 τίκτειν
1545 1940 1665 1977 γονεῦσιν
1690 1937 1812 1972 ἐοικότα,

1143 1985 1224 2014 ἄλλα
1242 1982 1361 2024 τέρατα.
1378 1984 1431 2018 69,
1449 1985 1500 2014 15.
1524 1980 1665 2021 ἀγομένας
1680 1981 1814 2018 γυναῖκας

1144 2027 1182 2062 εἰς
1206 2025 1336 2061 δουλείαν,
1360 2025 1510 2066 direptas,
1539 2025 1572 2055 in
1599 2024 1813 2065 captivitatem

1145 2070 1306 2100 abductas.
1321 2070 1376 2105 76,
1393 2071 1423 2100 3.
1453 2066 1615 2109 πρεσξύτας
1643 2067 1814 2106 ἀνθρώπους,

1146 2110 1336 2154 πρεσζύτιδας
1350 2112 1493 2151 γυναῖκας,
1507 2110 1560 2148 ὀψὲ
1578 2109 1816 2152 μεταμανθάνον-

1147 2167 1202 2190 τας
1216 2157 1264 2187 τῆν
1278 2153 1438 2196 ἐλευθερίαν.
1447 2158 1502 2191 76,
1511 2157 1542 2185 4.
1566 2149 1814 2195 παραμυθεῖσθαι

1147 2200 1267 2238 γυναῖκα
1278 2196 1438 2229 πενθοῦσαν.
1450 2200 1504 2236 88,
1520 2200 1572 2229 24.

1439 2333 1475 2358 Δ.

1109 2411 1259 2453 δαιμόνιος]
1283 2410 1421 2451 δαιμονίου
1433 2411 1502 2447 τινὸς
1513 2412 1583 2445 ἴσως
1596 2409 1679 2441 αὐτὸν
1694 2409 1821 2450 ἐξαμαρ-

1153 2456 1243 2485 τάνειν
1257 2454 1457 2496 προαγομένου.
1482 2458 1537 2492 70,
1552 2459 1605 2487 12.

1110 2497 1255 2539 δαιμονίως
1265 2497 1445 2532 ἐσπουδακὼς
1459 2498 1528 2540 περὶ
1543 2497 1576 2528 τὸ
1591 2498 1718 2538 πρῖὶγμα
1727 2495 1823 2525 τοῦτο.

1155 2544 1186 2577 6,
1203 2544 1254 2572 25.
1276 2541 1326 2571 τῖιν
1340 2552 1373 2580 γε
1395 2540 1584 2576 θεοβλάβειαν
1597 2540 1644 2569 καὶ
1668 2542 1717 2570 τὴν
1739 2539 1823 2578 ἀφρο-

1155 2584 1234 2615 σύνην
1242 2584 1288 2614 οὐκ
1297 2583 1492 2625 ἀνθρωωίνους,
1503 2586 1583 2615 ἀλλὰ.
1593 2581 1740 2624 δαιμονίως
1753 2593 1823 2611 κτη-

1156 2627 1284 2667 σάμενοι.
1293 2629 1347 2663 72,
1361 2630 1415 2658 32.

1114 2669 1235 2711 δαίμων]
1259 2669 1420 2708 σκέψασθε
1434 2669 1481 2702 τὸν
1491 2670 1609 2710 δαίμονα
1618 2669 1667 2700 καὶ
1679 2670 1728 2700 τῆν
1736 2668 1828 2709 τύχην

1156 2714 1192 2747 ὡς
1207 2712 1383 2753 περιεγένετο
1394 2714 1445 2747 τῆς
1455 2715 1509 2743 τῶν
1521 2711 1706 2753 Ἀμφισσέων
1718 2709 1828 2743 ἇσεςεί-

1157 2767 1200 2789 ας.
1225 2758 1278 2789 69,
1301 2758 1355 2786 38.
1383 2755 1429 2785 τόν
1453 2755 1572 2795 δαίμονα
1592 2757 1640 2787 καὶ
1664 2758 1713 2787 τῆν
1735 2756 1826 2797 τύχην

1157 2800 1206 2830 τὴν
1219 2798 1560 2839 συμπαρακολουθοῦσαν
1573 2800 1616 2840 τῷ
1628 2798 1759 2840 ἀνθρώπῳ
1774 2806 1828 2838 φυ-

1158 2841 1315 2882 λάξασθαι.
1339 2844 1393 2878 76,
1407 2844 1439 2873 7.

1116 2884 1191 2924 δαὶς]
1214 2886 1319 2919 τσοινὰς
1338 2883 1457 2915 ἐλαύνειν
1471 2887 1536 2920 τοὺς
1557 2883 1728 2919 ἦσεζηκότας
1749 2883 1828 2925 δᾳσὶν

1158 2926 1310 2966 ἡμμέναις.
1326 2930 1379 2965 27,
1394 2931 1425 2958 7.

1114 2971 1242 3012 δάκρυον]
1266 2970 1370 3011 δάκρυα
1391 2970 1511 3011 ἀφιέναι.
1542 2971 1596 3007 75,
1620 2973 1672 3002 23.
1712 2971 1828 3010 δάκρυα,

1160 3014 1272 3055 quibus
1294 3020 1395 3046 orator
1412 3015 1566 3046 auditores
1586 3014 1708 3046 flectere
1730 3015 1763 3044 in
1784 3021 1829 3042 ar-
