1982 3340
303 217 345 257 iv
714 219 748 259 I.
782 219 817 259 I.
850 219 903 260 R.
937 219 1022 259 AD
1054 218 1392 260 AESCHl-NEM

302 322 381 360 huc
400 322 566 373 vigentis
595 324 848 372 documenta,
878 330 1069 362 vetustate
1090 324 1342 368 venerabilia,
1372 337 1419 362 ex
1449 337 1528 362 uno
1554 323 1767 375 corruptis-

300 384 414 431 simo,
434 391 474 422 et
492 385 640 423 lacunis
661 386 920 437 plurimisque
942 392 982 423 et
1002 385 1225 424 foedissimis
1245 386 1374 423 obsito
1395 385 1533 423 codice
1552 386 1672 432 edita,
1695 386 1764 435 qui

297 447 548 493 emacularet,
564 447 632 497 qui
650 448 822 493 sarciret,
836 448 903 497 qui
920 453 1087 492 ornaret,
1105 448 1171 498 qui
1189 448 1326 485 Latine
1346 448 1680 497 interpretaretur,
1697 447 1763 498 qui

294 506 382 545 face
401 508 766 546 commentariorum
792 509 1039 556 illuminaret,
1062 509 1129 559 qui
1158 509 1354 547 lectitaret
1380 509 1493 554 adeo,
1515 521 1629 559 paene
1649 521 1762 547 nemo

294 568 383 608 fuit.
420 570 633 609 Rarissime
653 571 755 608 enim
776 584 822 609 ea
842 571 921 608 suis
943 573 981 608 iu
1003 571 1157 621 scriptis
1177 571 1300 610 citant
1315 571 1387 608 viri
1405 571 1526 616 docti,
1542 578 1585 608 ut
1603 583 1761 620 prorsus

294 630 477 681 ignorare
511 632 730 671 videantur.
787 633 937 671 Praeter
955 633 1179 671 AEschinem
1212 639 1252 671 et
1279 633 1448 685 Lysiam,
1474 646 1572 683 quos
1606 633 1681 670 boc
1711 632 1761 670 de

293 705 411 744 grege
445 694 547 732 solos
574 694 685 732 Wolf
707 701 747 732 et
778 695 1012 745 Stephanus,
1034 701 1074 732 et
1102 695 1312 733 novissime
1331 695 1481 745 Taylor
1508 708 1595 732 cum
1626 693 1762 731 Mark‘

291 756 413 795 lando
440 757 580 809 dignos
610 758 714 796 curis
745 757 824 796 suis
854 758 1091 804 habuerunt,
1124 758 1263 808 reliqui
1293 770 1426 795 omnes
1459 759 1508 795 ab
1537 756 1642 795 Aldo
1669 756 1759 793 inde

291 818 494 866 immundi,
515 819 689 867 incomti,
711 820 749 858 in
770 820 917 866 illuvie,
940 820 1121 871 neglectu
1142 827 1182 859 et
1201 825 1400 858 contemtu
1421 819 1521 857 adeo
1536 820 1757 869 jacuerunt.

293 880 408 918 Unde
429 881 545 931 hujus
566 881 688 920 seculi
707 881 756 920 de
776 882 976 920 voluntate
998 883 1163 920 Graecas
1183 895 1274 933 erga
1293 882 1423 920 literas
1440 881 1606 931 judices.
1663 881 1760 918 Pos-

292 948 385 980 sunt
415 947 543 981 tamen
575 944 692 993 hujus
723 944 894 994 perversi
917 943 1064 993 judicii
1085 956 1213 982 causae
1235 943 1418 994 quaedam
1439 942 1551 981 reddi
1573 943 1759 993 quodam-

290 1004 408 1042 modo
425 1005 665 1055 probabiles.
712 1005 857 1055 Prima,
881 1005 988 1056 quod
1010 1005 1149 1043 horum
1170 1012 1368 1044 oratorum
1389 1005 1577 1056 perpauci
1597 1004 1757 1043 codices

289 1065 330 1103 in
350 1066 600 1104 bibliothecis
634 1067 777 1106 nostris
807 1067 1067 1118 reperiuntur.
1125 1067 1215 1105 Itali
1241 1068 1345 1105 enim
1376 1066 1478 1104 bona
1509 1079 1591 1111 sua,
1613 1065 1758 1116 quibus

287 1128 504 1174 abundant,
531 1142 667 1179 parum
698 1129 931 1180 intelligunt,
958 1135 999 1168 et
1025 1130 1134 1179 parvi
1158 1129 1320 1176 faciunt,
1342 1130 1482 1167 summi
1503 1128 1695 1179 facienda,
1717 1134 1758 1167 et

287 1191 412 1228 exteri
428 1190 578 1228 Italiam
593 1190 886 1241 frequentantes
907 1191 982 1229 alia
1002 1191 1133 1229 omnia
1153 1191 1334 1242 cupidius
1351 1196 1541 1242 spectant,
1557 1190 1755 1228 ardentius

286 1258 580 1299 consectantur,
597 1266 715 1303 quam
730 1259 773 1291 ut
792 1258 974 1292 auctores
992 1259 1142 1292 veteres
1163 1255 1331 1291 G-raecos
1352 1267 1399 1290 ex
1418 1252 1696 1303 antiquissimis
1717 1257 1757 1290 et

285 1312 484 1353 fidissimis
501 1315 745 1362 membranis,
762 1328 860 1365 quas
881 1315 1019 1362 Roma,
1034 1315 1242 1361 Florentia,
1263 1315 1548 1365 Mediolanum,
1564 1314 1754 1359 Venetiae,

284 1375 516 1422 Taurinum,
545 1376 749 1428 Neapolis,
781 1376 926 1424 Sicilia,
951 1390 1091 1427 magno
1121 1384 1256 1416 tenent
1282 1391 1456 1424 numero,
1478 1376 1686 1415 emendare
1714 1383 1755 1414 et

283 1437 474 1476 resarcire
494 1439 684 1490 cogitent.
740 1438 930 1490 Indignor
949 1453 1054 1489 saepe
1072 1453 1236 1487 mecum⁷
1257 1446 1296 1478 et
1317 1439 1529 1490 ingemisco
1551 1444 1669 1477 tantae
1686 1439 1755 1476 lio-

283 1499 429 1537 minum
450 1500 636 1546 coecitati,
657 1500 768 1539 bonis
790 1501 827 1538 in
844 1501 973 1539 medio
989 1501 1131 1552 positis
1153 1501 1209 1539 uti
1228 1508 1296 1539 aut
1315 1501 1588 1546 nescientium,
1610 1508 1677 1539 aut
1698 1500 1752 1538 nil

282 1561 517 1600 curantium.
572 1562 718 1600 Verum
741 1562 844 1600 haud
866 1563 984 1612 juvat
1002 1563 1150 1601 fontem
1172 1562 1289 1612 hujus
1305 1569 1384 1601 tam
1405 1563 1599 1613 pudendae
1621 1576 1754 1600 socor-

283 1623 358 1662 diae
380 1625 547 1674 aperire,
568 1625 636 1675 qui
656 1624 696 1662 in
725 1625 863 1675 puerili
884 1625 1008 1663 haeret
1027 1624 1270 1663 institutione
1290 1638 1410 1676 penes
1431 1624 1639 1676 magistros
1668 1638 1750 1671 θος,

283 1702 449 1739 quorum
479 1689 918 1740 interest,juventutem
949 1691 1087 1728 sedulo
1116 1703 1281 1728 avocare
1307 1697 1426 1741 atque
1456 1703 1588 1728 arcere
1609 1690 1659 1728 ab
1680 1704 1752 1729 usu

282 1750 473 1788 bonarum
508 1751 719 1798 literarum,
752 1752 855 1790 unde
887 1752 1010 1790 libere
1039 1752 1211 1803 cogitare
1240 1752 1381 1792 discat.
1438 1752 1588 1790 Posteri
1621 1757 1750 1790 tamen

281 1812 376 1862 quid
398 1813 546 1860 dicent,
574 1813 625 1852 de
646 1814 758 1852 nobis
780 1815 875 1865 quid
895 1814 1188 1860 existimabunt,
1211 1820 1466 1866 posteaquam
1496 1814 1653 1854 codices
1678 1815 1748 1852 lios

280 1873 388 1924 ipsos
419 1874 619 1913 multifarii
651 1889 778 1921 casus,
813 1877 1011 1914 hominum
1044 1876 1216 1921 fraudes,
1249 1878 1333 1927 ipsa
1366 1882 1540 1922 vetustas
1575 1890 1596 1914 e
1630 1877 1749 1915 rebus

282 1936 521 1984 sustulerint,
542 1951 630 1975 cum
660 1938 835 1988 legentes
866 1939 904 1975 in
936 1938 1125 1988 catalogis
1156 1939 1481 1977 bibliothecarum
1512 1939 1749 1977 mentionem

279 2012 411 2037 eorum
430 1999 587 2046 factam,
607 2012 685 2037 non
703 2000 893 2038 lectiones
915 2001 1041 2038 saltim
1061 2013 1196 2038 eorum
1219 2007 1479 2046 conservatas,
1503 2007 1541 2039 et
1560 2001 1748 2039 librorum

279 2060 551 2111 impressorum
581 2060 776 2100 beneficio
805 2062 855 2099 ad
883 2075 1018 2100 omnes
1040 2068 1230 2101 terrarum
1252 2075 1339 2100 oras
1367 2063 1510 2101 diditas
1531 2069 1571 2101 et
1599 2063 1647 2101 ad
1678 2077 1749 2114 po-

278 2128 405 2161 steros
425 2122 668 2161 transmissas
682 2122 895 2162 videbunt!
933 2124 1070 2162 Altera
1086 2137 1218 2170 causa,
1239 2138 1329 2175 quae
1346 2124 1496 2173 fecerit,
1512 2130 1555 2163 ut
1574 2115 1747 2164 oratores

279 2185 319 2222 hi
339 2184 641 2235 negligerentur,
663 2185 749 2224 haec
770 2185 906 2224 haberi
927 2186 1063 2237 possit,
1086 2187 1193 2236 quod
1222 2200 1371 2235 eorum,
1391 2200 1480 2237 quae
1501 2192 1667 2233 exstant,
1688 2188 1747 2226 in-

282 2247 580 2298 terpretationes
598 2247 749 2285 Latinae
767 2261 905 2299 parum
923 2262 944 2286 a
961 2248 1063 2286 fama
1079 2248 1238 2299 publica
1260 2249 1492 2299 probentur.
1523 2250 1607 2300 Ego
1628 2250 1746 2296 enim,

278 2310 347 2360 qui
376 2322 575 2359 nunquam
597 2323 662 2347 eas
683 2323 754 2360 per
774 2323 834 2348 me
854 2310 1046 2348 noscitare
1067 2316 1185 2360 atque
1213 2311 1408 2348 aestimare
1429 2311 1655 2358 curaverim,
1678 2325 1745 2350 ne-

278 2385 354 2422 que
375 2372 573 2418 damnare,
602 2385 730 2422 neque
751 2372 952 2410 absolvere
973 2372 1112 2410 ausim.
1170 2372 1249 2411 Sed
1279 2372 1436 2410 Miniati
1463 2373 1693 2419 versionem,
1723 2387 1746 2412 a

277 2448 338 2472 ine
368 2447 564 2484 nunquam
595 2433 823 2484 inspectam,
846 2447 869 2472 a
889 2434 979 2472 viris
1000 2435 1130 2472 doctis
1149 2434 1325 2472 damnari
1346 2434 1474 2473 video.
1532 2436 1594 2474 De
1615 2436 1744 2487 Lysiae

275 2496 488 2546 interprete
509 2508 583 2532 van
610 2495 679 2532 der
701 2495 846 2533 Heidio
875 2495 1051 2545 queritur
1069 2497 1233 2547 Taylor,
1255 2509 1327 2546 ego
1348 2509 1482 2535 rursus
1501 2496 1551 2535 de
1570 2498 1744 2549 Tayloro

276 2571 442 2608 queror;
465 2557 577 2608 cujus
595 2556 958 2608 interpretationem
980 2558 1155 2596 Latinum
1180 2559 1325 2610 Lysiae,
1344 2572 1448 2597 nunc
1465 2559 1567 2597 fama
1587 2560 1745 2610 publica

275 2625 315 2657 ct
334 2619 455 2670 gratia
481 2619 664 2658 novitatis
685 2618 886 2657 florentem
907 2620 1056 2657 utinam
1078 2621 1132 2658 ita
1152 2626 1311 2658 nossent
1327 2633 1474 2667 omnes,
1497 2634 1650 2672 usuque
1671 2635 1742 2660 suo

274 2681 328 2719 ita
351 2688 592 2732 compertum
625 2681 827 2729 haberent,
848 2687 968 2732 atque
999 2696 1073 2733 ego
1102 2695 1189 2720 meo
1219 2682 1359 2729 liabeo,
1382 2695 1498 2732 quam
1527 2683 1576 2721 sit
1604 2696 1742 2734 parum

274 2744 648 2795 Latina,saepissime
665 2758 687 2782 a
702 2745 901 2783 sententiis
916 2745 1044 2796 Lysiae
1058 2745 1288 2792 abhorrens,
1299 2745 1386 2796 ipsa
1399 2747 1543 2784 Graeca
1552 2746 1741 2793 oratione,

275 2819 363 2856 quae
383 2806 433 2843 ob
450 2807 676 2845 brevitatem
694 2807 902 2859 saepissime
918 2813 978 2846 est
994 2807 1282 2855 obscurissima,
1296 2809 1422 2847 multo
1438 2809 1656 2862 obscurior,
1667 2810 1741 2848 illi-

272 2867 427 2919 beralis,
448 2875 487 2906 et
506 2881 665 2919 prorsus
686 2869 954 2909 intolerabilis,
999 2870 1172 2908 Tertiam
1195 2870 1296 2909 adde
1318 2884 1485 2917 causam,
1502 2871 1603 2922 juris
1616 2873 1741 2911 Attici

274 2930 571 2979 ignorationem.
628 2932 746 2974 Quod
772 2931 840 2980 jus
872 2932 1026 2970 tametsi
1056 2932 1144 2970 fons
1177 2938 1235 2970 est
1262 2932 1441 2978 Romani,
1467 2932 1504 2971 in
1540 2946 1621 2985 quo
1649 2934 1740 2985 jure

293 2993 448 3030 'tuniano
469 2993 713 3032 enucleando
734 3000 791 3033 tot
811 2993 1024 3034 laborarint
1045 3001 1176 3035 nostra
1203 3001 1440 3048 patrumque
1462 2996 1649 3036 memoria
1670 2997 1740 3035 viri
