1916 3340
302 179 356 219 72
734 179 929 221 INDEX
964 179 1346 222 GRAECITATIS

298 284 490 325 πορνοβοσκός.
515 288 567 323 89,
594 289 626 317 4.
661 286 856 329 πορνοβοσκοὺς
885 289 1015 329 μισεῖτε.

341 331 394 364 26,
411 331 464 360 34.

298 370 408 412 πόρνος]
432 372 499 414 πρὸς
528 371 619 413 πόρνον
645 373 858 413 πεπορνευσθαι.
888 377 939 409 10,
961 373 1013 404 25.

342 414 451 455 πόρνους
465 417 611 457 μεγάλους
625 417 835 457 Τιμαρχώδεις.
854 420 907 452 22,
925 419 978 447 28.

299 456 390 497 πόρος,
408 460 525 490 canalis
543 460 625 490 inter
639 461 781 490 Athenas
797 465 828 491 et
850 460 1015 490 Salamina.

342 503 468 537 76,11.

299 542 404 596 πόρρω]
430 545 476 576 ήδη
494 544 581 587 πόῤῥω
597 558 646 580 της
663 545 768 586 ἡμέρας
784 545 874 579 οὔσης.
890 547 945 581 70,
962 548 1015 576 40.

299 585 386 627 πόῤῥω
390 587 445 629 θεν]
470 588 609 630 ’ω-όῤῥωθεν
629 589 740 619 δεδιέναι
755 592 795 618 τιὶ
809 588 891 619 δεινά.
915 591 969 625 42,
984 591 1016 619 7.

342 630 481 671 πόρ’ῥωὲεν
495 634 665 673 ἀχάριστος,
677 633 744 673 jam
762 632 892 668 dudum,
910 632 948 662 ab
969 633 1015 662 ul-

342 673 423 704 timis
454 676 529 705 inde
555 676 759 715 temporibus,
786 676 934 715 ingratus.
958 678 1013 711 48,

342 718 395 746 13.
441 718 588 759 πόρρωθεν
620 718 668 749 ἐπὶ
698 721 747 749 τήν
777 718 872 747 αἰτίαν
907 718 1015 749 ταύτην

342 761 580 801 παρεσκευάζετο.
605 765 657 796 48,
674 765 727 792 41.
757 761 1015 802 προκαταλαμβά-

340 813 389 833 νειν
405 803 534 845 πόρρωθεν
555 807 609 837 τὰς
630 804 776 838 εὐθύνας’
767 803 886 838 επαίνοις
900 816 949 834 και
967 817 1015 836 κη·

342 846 494 887 ρύγμασιν.
513 849 567 884 55,
584 851 613 879 9-

296 888 399 930 πόσος]
423 892 505 930 μετὰ
521 890 615 921 πόσων
634 890 741 921 παίδων
763 889 887 927 εἰσιέναι,
904 896 981 932 quot
997 902 1014 922 a

340 933 434 963 servis
450 934 589 965 comitati
612 934 717 965 venire
738 935 770 964 in
795 934 902 965 ludum
918 935 1015 965 debe-

342 981 406 1006 ant.
422 979 453 1012 2,
471 980 523 1008 20.

296 1019 476 1070 ποτικλύζειν
501 1021 574 1061 (pro
606 1020 817 1062 προσκλύζειν)
847 1021 1016 1056 κυανώπιδος

339 1060 532 1104 Ἀμφιτρίτης
547 1076 631 1104 κυμα
647 1064 805 1106 ποτικλύζη
825 1063 928 1106 τεμένη
945 1063 1014 1095 Θεου.

341 1107 394 1142 69,
409 1108 461 1137 25.

296 1147 412 1188 πότμος
435 1149 557 1189 ἕτοιμος.
576 1154 628 1187 21,
647 1153 698 1182 23.

292 1191 396 1265 πόὲοὸ]
419 1205 470 1276 τὲς
487 1193 513 1223 ἐν
515 1195 594 1266 Ντὲνῖς
609 1194 705 1229 πότοις
725 1193 942 1235 ἐπιδεξιότητος.
960 1197 1015 1232 34,

419 1248 429 1266 ε
451 1247 514 1266 αιτε
515 1238 548 1266 ῖσ
567 1249 595 1267 αι
618 1250 660 1269 πα
678 1241 697 1268 ὰ
718 1237 764 1268 τὸν
786 1238 871 1269 πότον
894 1238 924 1267 αἴ
981 1251 1014 1268 α-

339 1279 456 1314 λώτους.
471 1282 524 1316 49,
539 1284 589 1311 14.
664 1251 676 1279 (³
925 1251 978 1280 χμ

296 1323 379 1362 ποῦς]
404 1325 539 1376 τιμωρεῖν
554 1323 605 1352 καὶ
624 1323 698 1359 ποδὶ,
717 1323 765 1353 καὶ
784 1323 866 1365 χειρὶ,
887 1324 935 1353 καὶ
951 1332 1011 1364 φω-

338 1365 378 1405 νῇ,
395 1366 442 1395 καὶ
459 1367 540 1397 πάση
557 1366 682 1406 δυνάμει.
700 1370 754 1402 43,
772 1370 822 1397 17.
847 1366 956 1398 ςοηθεῒν
970 1367 1014 1406 τςῖἷ

338 1389 400 1448 ἕτεω
425 1408 601 1449 (Apollini)
627 1410 675 1438 καῖ
699 1410 737 1451 τῇ
762 1410 800 1450 γῇ
825 1410 862 1451 τῇ
885 1410 944 1450 ῖερξί
963 1411 1010 1439 καὶ

336 1451 421 1492 χειρὶ,
437 1453 485 1481 καῖ
507 1453 589 1489 wo8a,
606 1452 654 1481 καῖ
671 1453 757 1494 φωνῇ,
773 1452 820 1481 καὶ
837 1453 918 1483 πάση
934 1453 1011 1482 δυνά-

336 1505 400 1533 μει.
416 1497 468 1530 69,
485 1498 515 1526 9.
539 1495 691 1536 δραπέται,
707 1496 755 1526 καὶ
779 1496 943 1530 λελοιπότες
961 1498 1011 1527 τὴν

338 1538 422 1577 τάξιν
438 1538 594 1575 πόδες.75,
612 1542 663 1570 13.

295 1580 438 1631 πρᾶγμα]
468 1580 639 1621 ἐπάναγκες,
665 1582 728 1623 περὶ
748 1585 803 1613 τῶν
829 1583 1011 1623 πραγμάτων

337 1624 439 1662 λέγειν.
455 1627 487 1661 4,
510 1628 561 1656 18.
591 1625 863 1667 ὑπεραισχύνεσθαι
892 1625 941 1657 ἐπι
967 1626 1012 1666 τῷ

336 1668 507 1707 πράγματι.
529 1670 561 1704 5,
577 1672 628 1700 21.
660 1669 806 1709 δαιμονίως
829 1668 1012 1703 ἐσπουδακὼς

336 1710 405 1750 ἰπερι
431 1710 464 1740 τὸ
488 1714 615 1752 πρᾶγμα
640 1714 735 1742 τοῦτο.
753 1715 784 1748 6,
799 1714 851 1743 25.
882 1713 948 1743 δεινη
973 1713 1012 1747 εἷς

334 1751 368 1783 τὸ
395 1756 523 1795 πρᾶγμα
550 1756 564 1785 ἦ
584 1753 671 1785 κακία
693 1767 740 1784 και
767 1754 913 1786 εὐπιστία.
933 1758 1009 1791 9,1.

335 1796 556 1837 ὑπεργανακτη
547 1810 599 1833 -ας
628 1799 673 1837 τῷ
703 1800 870 1838 πράγματι.
899 1801 1009 1835 9,13.

335 1838 498 1881 ἐπιτρέπειν
523 1853 577 1872 τινι
600 1840 633 1871 τὸ
656 1844 784 1882 πρᾶγμα
808 1842 961 1879 διαγνῶναι.
981 1845 1011 1878 9,

333 1885 387 1914 30.
422 1885 660 1925 παραλαμβάνειν
683 1885 716 1915 τὸ
741 1887 876 1925 πρᾶγμα.
902 1888 934 1921 9,
957 1888 1008 1916 32.

332 1926 466 1967 γνωρίζειν
490 1926 523 1957 τὸ
545 1929 682 1968 πρᾶγμα.
709 1931 762 1963 11,
788 1932 817 1959 8.
851 1929 1010 1969 ἀμάρτυρον

334 1971 463 2009 πρᾶγμα
491 1970 622 2022 ἔχοντας.
658 1972 710 2007 13,
742 1973 793 2000 14.
826 1969 949 2011 θεωρειτε
975 1971 1009 2001 τό

334 2015 461 2052 πρᾶγμα
483 2015 525 2051 μὴ
547 2012 579 2043 ἐκ
601 2026 650 2043 του
667 2013 811 2052 παρόντος,
828 2013 897 2043 ἀλλ’
912 2012 943 2043 ἐκ
958 2026 1008 2044 του

334 2055 563 2096 παρεληλυθότος
582 2057 688 2097 χρόνου.
708 2059 748 2087 1ῗ
740 2071 760 2092 J,
785 2059 837 2088 19.
871 2059 1007 2098 πρᾶγμα.

332 2109 416 2140 saepe
438 2099 470 2129 in
494 2100 633 2131 oratione
652 2100 810 2130 AEschinis
831 2099 863 2130 in
890 2100 1009 2131 Timar-

331 2142 423 2172 chum
447 2149 614 2184 usurpatur
638 2153 692 2184 pro
716 2154 818 2174 amore
842 2153 1008 2184 puerorum

332 2185 498 2226 flagitioso,
524 2192 558 2216 ut
574 2190 627 2222 18,
644 2189 697 2217 38.
720 2189 772 2222 19,
789 2189 820 2216 7.
838 2189 889 2216 10.
906 2192 937 2217 et
954 2191 1006 2219 13.

331 2227 489 2259 κακοήθειαι
507 2230 657 2270 λεγόμεναι
673 2229 743 2270 ὑπὲρ
759 2232 808 2259 τοῦ
824 2231 1008 2270 πράγματος.

330 2274 385 2308 23,
402 2275 455 2303 42.
478 2273 513 2306 ὡς
537 2276 565 2302 εὐ
586 2272 619 2302 τὸ
638 2273 772 2325 προῖγμα
800 2272 931 2313 ὑφείλετο
953 2286 1009 2304 των

331 2314 482 2345 δικαστῶν.
502 2317 553 2351 25,
568 2318 599 2346 3.
622 2317 661 2351 είς
679 2315 725 2346 τόν
748 2317 798 2346 τοῦ
824 2317 1009 2357 ’πράγματος

330 2358 418 2388 αὐτοῦ
435 2358 534 2411 ’δρόμον
549 2359 724 2389 εἰσελαύνειν.
742 2362 861 2395 25,1Ο.
885 2359 919 2389 τὸ
933 2372 1006 2402 πρα-

329 2412 398 2440 γμα
420 2402 458 2436 εἷς
477 2402 627 2442 διάωειραν
647 2403 695 2432 και
717 2403 797 2441 λόγον
809 2402 1006 2435 κατέστησαν.

331 2447 386 2496 26,
405 2448 458 2476 20.
482 2443 621 2486 ἐξαίρειν’
610 2446 664 2476 οίνω
677 2444 709 2475 τό
724 2446 871 2486 «πρᾶγμα.
889 2449 941 2482 29,
953 2450 1006 2478 24.

330 2486 464 2522 ἔνστασις
485 2491 539 2518 τῶν
559 2487 627 2518 δ’λων
648 2490 833 2529 πραγμάτων
854 2490 885 2541 ἐξ
906 2491 1005 2531 ἀρχῆς.

329 2533 383 2566 30,
396 2533 449 2561 36.
473 2532 602 2571 προῖγμα
616 2530 704 2570 λέγων
719 2533 933 2571 πεπλασμένον.
951 2535 1006 2571 30,

328 2577 382 2604 40.
413 2577 586 2606 κατασκοπῆ
605 2578 660 2605 τῶν
677 2577 867 2617 πραγμάτων.
883 2579 936 2611 31,
953 2579 1005 2608 42.

329 2620 498 2657 προαγαγὼν
525 2617 623 2659 μικρόν
650 2618 704 2647 ἅνω
731 2630 785 2648 των
812 2620 1006 2660 πραγμάτων,

329 2663 385 2696 32,
401 2664 453 2692 41.
476 2664 582 2693 κλοπὴν
596 2662 727 2702 μεγάλου
743 2663 920 2703 πράγματος
936 2675 1004 2693 σκο-

329 2705 423 2734 πεῖτε.
439 2705 493 2740 35,
504 2707 556 2736 25.
581 2707 641 2738 πῶς
657 2704 689 2734 ἂν
708 2704 741 2734 τὸ
760 2705 887 2745 πρὶγμα
908 2705 1004 2745 ἐσιγή-

326 2745 370 2777 θη.
397 2750 451 2783 39,
475 2750 529 2779 28.
566 2746 777 2779 ἐπιδείκνυσθαι
808 2751 926 2789 φανερῶς
955 2752 1005 2782 τὴν

324 2793 381 2820 τῶν
403 2792 589 2831 πραγμάτων
612 2790 767 2832 θεραπείαν.
792 2795 846 2828 42,
869 2794 922 2822 38.
948 2804 1002 2823 κα-

325 2834 496 2865 τασπεύδειν
511 2833 545 2864 τὸ
558 2835 698 2875 πρᾶἶγμα.
713 2838 766 2871 63,
784 2838 838 2866 18.
861 2836 900 2869 εἷς
916 2837 1002 2867 τοῦτο

327 2875 414 2917 φέρων
432 2877 602 2917 περιέστησε
625 2880 665 2908 τοὶ
684 2879 864 2931 πράγματα.
879 2881 933 2914 65,
949 2883 1002 2911 24.

323 2918 543 2960 προσαψάμενοι
561 2921 642 2960 μόνον
667 2922 773 2952 τούτων
788 2925 843 2953 τῶν
860 2925 1002 2963 πραγμά·

323 2973 389 2992 των.
405 2965 458 2999 72,
471 2965 524 2994 34.
549 2964 685 2995 κλέπτων
697 2976 744 2994 και
756 2964 927 3006 μεταφερων
940 2978 1000 3002 τοις

326 3004 444 3046 ὀνόμασι
457 3009 497 3038 τὰ
510 3009 689 3049 πράγματα..
702 3011 757 3046 73,
765 3009 885 3051 penult.
908 3010 1000 3051 ἀχρη·

1094 286 1223 317 στότατε
1254 286 1320 328 πρὸς
1347 289 1387 317 τοὶ
1409 287 1531 327 μεγάλα
1552 286 1602 317 καὶ
1624 285 1767 318 σπουδαῖα

1094 333 1149 361 τῶν
1178 332 1371 371 πραγμάτων.
1393 332 1448 367 75,
1474 333 1525 362 16.
1562 329 1768 371 ὑποτέτμηται

1093 375 1135 403 τὰ.
1156 375 1234 415 νεῦρα
1256 377 1311 404 τῶν
1334 374 1524 415 πραγμάτων.
1541 375 1596 409 77,
1613 376 1666 404 26.
1687 374 1729 402 νῦν
1744 371 1769 402 δ’

1095 415 1141 447 ἤδη
1163 417 1396 448 καταπέπλυται
1419 416 1453 446 τὸ
1478 417 1618 457 πράγμα.
1640 417 1695 452 79,
1712 417 1766 446 24.

1092 458 1229 501 μόχθον’
1222 460 1298 502 έχειν
1312 461 1393 502 ἀμφι
1408 460 1511 500 ξυνοισι
1528 460 1697 500 πράγμασ.,
1713 468 1767 498 pro

1093 503 1250 542 republica
1270 504 1419 534 laborare.
1438 506 1490 539 80,
1516 505 1568 533 16.
1601 500 1768 543 παρεμζολη

1094 547 1285 585 ’πραγμάτων
1300 546 1399 587 ἐτέρων
1417 547 1455 581 εἷς
1471 546 1559 576 ληθην
1577 547 1628 579 τῆς
1643 556 1768 583 κατηγο-

1093 588 1152 628 ρίας
1167 589 1246 628 ὑμαῖς
1261 590 1398 622 Βούλεται
1414 589 1564 630 ἒμβαλειν.
1575 591 1627 625 83,
1638 591 1690 618 21.
1707 588 1767 617 εἷσ-

1093 631 1222 663 ελαύνετε
1249 633 1333 663 αὐτὸν
1364 634 1401 668 εἷς
1429 634 1493 666 τοὺς
1516 634 1564 662 τοῦ
1592 632 1767 671 πράγματος

1094 674 1200 713 λόγους.
1215 679 1268 712 83,
1281 679 1334 707 26.
1357 679 1397 706 τοὶ
1412 675 1503 714 ἔνδοξα
1514 678 1561 707 καὶ
1574 676 1700 715 λαμπρὰ
1712 676 1768 703 τῶν

1093 719 1277 758 πραγμάτων
1293 719 1454 751 ἀνετίθεσαν
1469 719 1513 759 τῷ
1530 719 1620 758 δήμῳ.
1644 720 1697 754 86,
1712 720 1766 749 42.

1093 764 1200 801 λῃστὴς
1213 765 1267 793 τῶν
1279 764 1472 803 πραγμάτων.
1493 764 1545 798 89,
1560 765 1612 792 40.

1049 804 1241 844 πραγματεία
1253 804 1501 846 ’προστεταγμένη
1513 807 1592 835 κατὰ
1608 803 1766 843 ψήφισμα.

1092 849 1148 883 55,
1172 850 1225 878 37.
1256 849 1462 890 πραγματείας
1480 848 1669 890 ἀναισχύντου
1694 848 1766 878 ἀπο-

1094 890 1267 933 στηση.88,
1287 895 1339 923 19.

1049 934 1325 977 πραγματευεσθαι]
1353 934 1517 975 μεταφοραι
1538 933 1682 974 ὄνομάτων
1713 944 1764 963 πε-

1092 979 1375 1019 ωραγματευμεναι,
1398 979 1494 1009 multa
1515 983 1579 1009 arte
1604 977 1654 1007 vel
1678 976 1764 1008 calli-

1094 1020 1190 1051 ditate
1207 1023 1398 1063 excogitatae.
1416 1024 1469 1057 24,
1482 1022 1513 1052 5.

1049 1063 1201 1106 πράκτωρ]
1226 1065 1391 1106 ἐπιγράφειν
1410 1063 1532 1095 ἕκαστον
1557 1062 1687 1104 ἀδίκημα
1706 1075 1766 1097 τοις

1093 1108 1274 1149 πράκτορσιν.
1301 1110 1333 1146 5,
1345 1111 1398 1141 36.
1432 1107 1578 1150 ἐγγράφειν
1600 1119 1660 1141 τοις
1683 1107 1764 1148 ωρά-

1091 1161 1213 1191 moga-cv.
1229 1155 1260 1189 5,
1275 1156 1328 1183 40.

1049 1204 1104 1233 ’7ΙῬαι
1094 1193 1166 1236 ξις]
1191 1176 1412 1234 ἀπολογεῖσθαι
1423 1197 1479 1230 τας
1488 1193 1554 1236 πρός
1566 1205 1628 1224 τινα
1637 1193 1764 1234 πράξεις.

1093 1241 1146 1273 10,
1163 1241 1215 1269 28.
1239 1239 1365 1281 ευχὲρεια
1391 1250 1442 1272 της
1447 1238 1607 1290 ἡ’πράξεωᾳ
1632 1240 1683 1273 17,
1709 1239 1762 1268 33.

1090 1280 1283 1319 διαγγέλλει“
1275 1296 1288 1313 η
1312 1283 1394 1323 φήμη
1414 1294 1473 1316 τοις
1488 1282 1605 1314 πολλοῖς
1624 1292 1679 1314 τας
1695 1277 1765 1315 ἰδίας

1087 1323 1250 1367 (ἑκάστων)
1264 1325 1387 1367 πράξεις.
1400 1328 1450 1360 18,
1461 1327 1490 1354 8.
1508 1324 1620 1364 πραξις,
1630 1323 1764 1365 flagitio-

1094 1377 1144 1397 sus
1160 1379 1233 1399 usus
1251 1369 1380 1399 veneris.
1397 1370 1448 1404 22,
1465 1370 1517 1398 35.
1534 1373 1566 1398 et
1581 1370 1634 1403 23,
1650 1370 1682 1397 7.
1708 1377 1763 1395 κα-

1089 1410 1265 1441 ταλείπεται
1292 1413 1306 1443 ἦ
1334 1411 1439 1451 προῗξις
1465 1409 1491 1440 ἒν
1514 1411 1581 1444 ταῖς
1612 1408 1764 1449 ὑμετέραις

1088 1456 1226 1493 γνώμαις.
1243 1456 1296 1490 27,
1314 1464 1386 1495 pen.
1417 1453 1460 1484 ἵνα
1476 1455 1518 1492 μὴ
1534 1454 1682 1494 προλαβὼν
1694 1453 1764 1494 χρή-

1087 1508 1176 1536 ματα
1191 1500 1241 1531 τῆς
1258 1497 1365 1532 πόλεως
1378 1497 1391 1528 ἢ
1403 1496 1517 1536 πράξεις
1528 1496 1649 1536 δρασμῷ
1662 1498 1764 1537 χρήσῃ.

1088 1542 1142 1576 56,
1159 1543 1211 1571 38.
1239 1542 1376 1582 πράττειν
1403 1539 1517 1582 πράξεις
1541 1539 1575 1569 δι’
1595 1540 1762 1580 ἀπορρήτων.

1089 1586 1142 1620 67,
1155 1586 1209 1614 22.
1231 1587 1286 1618 τὰς
1304 1584 1420 1625 πράξεις
1442 1584 1521 1623 ἡμῶν
1543 1582 1762 1622 ἀποδεξαμένου

1087 1628 1138 1656 τοῦ
1162 1627 1260 1666 δήμου.
1276 1630 1400 1663 71,17.
1428 1625 1607 1656 συντίθεσθαί
1630 1638 1683 1656 τινι
1714 1627 1764 1656 τὴν

1088 1670 1219 1700 κοινωνίαν
1234 1674 1288 1700 τῶν
1303 1670 1438 1710 πράξεων.
1454 1672 1509 1705 74,
1525 1672 1574 1701 15.

1045 1714 1167 1754 πρᾶσις]
1192 1714 1297 1754 πρὶσιν
1319 1715 1421 1752 ἀγῶνος
1443 1712 1602 1749 ποιεῖσθαι,
1625 1712 1761 1744 vendere

1088 1767 1224 1792 causam,
1242 1756 1444 1797 praevaricari.
1461 1758 1513 1792 16,
1530 1759 1582 1786 22.

1045 1801 1195 1842 πράσσειν,
1210 1811 1225 1828 v
1219 1800 1256 1830 el
1269 1799 1420 1841 πράττειν]
1435 1799 1657 1850 ἐπιτηδεύματα
1669 1799 1762 1838 πράτ·

1087 1854 1154 1872 τειν.
1171 1845 1201 1877 6,
1221 1848 1252 1873 4.
1275 1841 1469 1882 μισθαρνῶν’
1459 1840 1506 1872 επ’
1526 1843 1610 1882 αὐτῳ
1629 1842 1734 1881 τούτῳ,
1750 1854 1762 1871 ο

1086 1886 1252 1925 ἀπαγορεύει
1278 1887 1289 1915 ὁ
1316 1886 1398 1925 νόμος
1417 1887 1460 1925 μῆ
1491 1886 1639 1926 πράττειν.
1662 1889 1693 1921 6,
1707 1888 1760 1916 22.

1087 1928 1244 1958 ἀνατιθέναι
1261 1940 1313 1958 τινι
1329 1931 1385 1962 τὰς
1400 1928 1497 1961 αἰτίας
1511 1931 1566 1959 τῶν
1581 1928 1762 1969 ωεπραγμὲ·

1087 1983 1144 2002 νων.
1161 1974 1214 2008 29,
1233 1975 1285 2003 25.
1308 1972 1398 2011 λύτρα
1419 1970 1594 2012 πραξάμενον
1613 1972 1690 2006 εἰδὼς
1713 1971 1760 2001 Φί-

1087 2021 1193 2045 λιππον
1210 2015 1301 2045 οὐδένα
1317 2018 1372 2045 τῶν
1385 2013 1549 2045 Ἀθηναίων.
1561 2017 1615 2050 41,
1631 2017 1681 2045 17.
1710 2014 1759 2045 ἐπὶ

1087 2057 1307 2099 πεπραγμένοις
1331 2057 1450 2097 ἐγένετο,
1478 2058 1543 2088 haee
1571 2057 1759 2099 objurgatio,

1086 2102 1285 2143 reprehensio
1302 2102 1448 2132 veniebat
1464 2106 1534 2141 post
1549 2111 1613 2131 rem
1628 2101 1694 2142 jam
1712 2102 1761 2131 fa—

1086 2150 1179 2183 ctam,
1195 2151 1333 2186 tempore
1349 2146 1535 2185 importuno,
1550 2154 1619 2174 cum
1636 2144 1679 2174 nil
1695 2155 1760 2175 am-

1086 2189 1167 2229 plius
1194 2189 1369 2230 prodesset.
1396 2190 1451 2223 44,
1479 2190 1531 2219 29.
1565 2186 1703 2229 άσχημόν
1727 2199 1759 2218 τι

1086 2231 1165 2262 ἕνεκα
1179 2232 1340 2273 χρημάτων
1352 2231 1481 2286 πράξας.
1497 2233 1551 2267 48,
1567 2232 1620 2261 30.
1644 2230 1698 2260 δ’σα
1712 2242 1760 2266 τις

1085 2275 1191 2316 αιρετός
1214 2276 1336 2315 πράττει
1359 2287 1439 2305 κατα
1464 2273 1618 2314 ψηφισμα.
1634 2275 1689 2311 55,
1704 2276 1758 2306 33.

1086 2317 1117 2347 ἵν’
1129 2319 1167 2354 εἷς
1178 2318 1342 2359 ὑποδοχῆιΝ
1327 2329 1446 2350 απαντα
1456 2329 1504 2347 και
1516 2315 1594 2355 λέγοι
1605 2318 1654 2348 καὶ
1663 2318 1759 2358 πράτ-

1084 2372 1128 2391 τοι
1159 2363 1334 2402 Φιλοκράτει.
1367 2364 1421 2398 62,
1451 2363 1504 2392 32.
1542 2359 1669 2400 ἐπράττε
1658 2372 1705 2390 ετο
1728 2361 1758 2391 οὗ

1085 2403 1151 2445 πρός
1161 2417 1228 2439 τους
1236 2405 1341 2439 ἄλλους
1352 2403 1485 2446 πρεσβεις
1499 2405 1539 2433 τοὶ
1554 2402 1664 2439 πολλα,
1676 2403 1758 2434 ἀλλα.

1085 2446 1151 2488 πρός
1170 2449 1340 2489 Φιλοκράτην
1358 2460 1407 2478 και
1430 2444 1618 2487 Δημοσθένην.
1635 2450 1688 2484 62,
1703 2450 1756 2478 40.

1085 2491 1224 2543 πράττειν
1249 2491 1363 2544 πράξεις
1386 2489 1419 2521 δι
1441 2490 1608 2531 ἀπορρήτων.
1634 2492 1687 2526 67,
1702 2492 1755 2522 22.

1085 2535 1155 2566 τέλη
1183 2535 1388 2584 πεπραχότας,
1412 2533 1562 2574 exegisse,
1588 2533 1756 2574 redegisse,

1085 2577 1261 2618 vectigalia,
1277 2578 1419 2618 portoria.
1437 2579 1492 2612 70,
1505 2578 1557 2607 24.
1581 2578 1756 2618 παριστάναι

1083 2632 1131 2650 και
1146 2633 1186 2650 τα
1201 2623 1244 2661 μὴ
1260 2619 1450 2662 πεπραγμένα
1467 2618 1513 2659 ὑφ’
1522 2620 1621 2650 αὑτοῦ.
1637 2622 1690 2655 86,
1701 2622 1755 2651 25.

1083 2662 1128 2693 ἐάν
1144 2676 1190 2698 τις
1208 2664 1291 2694 αὑτὸν
1310 2664 1513 2705 διαχρῆσηται,
1535 2665 1584 2693 τῆν
1596 2664 1692 2704 χεῖρα,
1708 2665 1757 2695 τῆν

1081 2708 1167 2739 τοῦτο
1191 2706 1353 2748 πράξασαν,
1371 2706 1460 2748 χωρὶς
1479 2707 1529 2736 τοῦ
1549 2706 1689 2746 σώματος
1705 2705 1755 2736 θά-

1083 2761 1206 2790 πτομεν.
1224 2753 1277 2787 88,
1288 2753 1341 2782 38.

1038 2792 1188 2835 πρεσςεία]
1215 2792 1321 2834 αιρεσις
1349 2805 1401 2828 της
1429 2790 1592 2833 πρεσβείας.
1621 2794 1673 2829 29,
1699 2795 1751 2824 30.

1081 2836 1278 2876 ἀπαγγέλλειν
1296 2836 1511 2878 (renunciare)
1530 2838 1579 2867 τήν
1594 2834 1753 2877 πρεσβείαν

1080 2882 1199 2916 30,17.
1221 2878 1277 2910 ἐπι
1293 2880 1456 2919 κεφαλαίων
1470 2879 1690 2919 ἀπηγγείλαμεν
1705 2890 1754 2910 την

1079 2921 1237 2964 πρεσβείαν.
1254 2925 1309 2960 34,
1320 2926 1351 2953 7.
1375 2923 1462 2962 ξενικῆ
1477 2920 1625 2962 πρεσβεία.
1636 2921 1754 2962 προβου-

1079 2966 1151 2996 λεύει
1167 2979 1180 2997 η
1196 2966 1282 3000 Βουλη
1297 2977 1364 3001 ταις
1385 2965 1504 3005 ξενικαις
1522 2962 1683 3007 πρεσέείαις
1698 2977 1755 2999 τας

1077 3010 1117 3045 εἷς
1135 3009 1182 3040 τὸν
1199 3009 1284 3051 δημον
1302 3009 1460 3052 προσόδους.
1480 3009 1535 3045 35,
1551 3011 1605 3040 30.
1627 3006 1754 3049 ἀπαίρειν
