1899 3322
721 147 1077 190 AESCHINEAE.

183 253 300 294 >favo-632
330 254 436 294 θύομεν
464 254 586 294 ὢςεθεᾲἷ.
610 257 664 292 47,-
689 257 741 286 25.
779 256 875 296 φήμην

208 297 435 338 προσποιεῖσθαι,
455 298 513 329 sibi
538 298 726 329 consciscere
749 299 873 330 famam.

208 342 260 376 50,
274 343 326 371 26.

164 382 296 423 φθάνειν]
319 383 433 422 φθάνειν
449 382 497 415 ἐπὶ
514 383 609 423 ὄνομα.
625 385 677 419 89,
692 386 742 414 14.

162 425 367 467 φθέγγεσθαι]
391 426 425 456 τὸ
439 427 596 457 κάλλιστον
611 425 642 455 ἐκ
657 425 784 460 παιδείας
795 427 873 467 ῥῆμα

205 467 392 509 φθεγξάμενοι
407 471 450 509 μὴ
463 470 656 509 μνησικακεῖν.
672 471 728 503 83,
741 472 793 500 37.

162 509 281 553 φθονεῖν]
313 511 450 552 ἐφθόνησέ
478 524 536 551 μου
565 513 632 546 ταῖς
658 510 813 548 διαέολαῖς,
839 513 871 543 in

203 554 278 594 ipsis
303 555 492 591 criminibus,
514 565 642 596 quorum
663 565 712 585 me
736 555 870 592 incusat,

203 597 280 628 mihi
294 598 422 633 invidet,
435 604 468 628 et
482 578 599 633 laudes,
614 598 639 628 si
654 607 723 638 quae
734 598 802 628 his
795 599 869 638 ιρείε

200 639 308 671 insunt
331 641 519 677 criminibus,
543 641 619 671 mihi
640 640 812 672 detractum
835 641 869 671 it.

201 685 255 720 29,
270 685 322 714 24.
345 684 374 714 οὐ
389 683 500 722 φθονεῖς
512 695 562 724 μοι
583 687 639 714 τῶν
661 683 699 718 εἷς
720 683 754 714 τὸ
777 686 868 724 σῶμα

200 726 388 766 τιμημάτων.
403 729 456 762 46,
472 729 525 758 31.

157 766 264 810 φθόνος]
287 768 452 809 ἀνωμαλίαν
466 770 552 800 αὐτοῦ
567 768 615 799 καὶ
630 768 732 809 φθόνον.
748 770 801 806 35,
817 772 847 800 6.

158 810 304 853 φθορᾶ]”
291 823 382 853 ενοχος
400 812 477 844 ἔστω
495 813 540 852 τῷ
561 812 622 854 περὶ
642 815 693 848 τῆς
712 816 767 843 τῶν
789 812 866 844 ἐλευ-

200 852 281 894 θέρων
291 854 393 896 φθορᾶς
406 856 490 896 νόμῳ.
507 846 539 893 2,
554 858 608 887 36.

155 896 379 940 φιλανθρωπία]
417 897 626 940 φιλανθρωπία
662 911 713 934 της
753 898 866 941 τέχνης,

198 941 336 972 studium
370 947 403 974 et
436 942 602 973 liberalitas
633 942 762 983 alicujus
793 953 866 984 erga

198 988 296 1016 artem
313 985 460 1026 aliquam,
475 986 566 1026 eique
582 985 638 1015 arti
653 986 788 1017 deditos.
810 988 864 1022 30,

160 1055 163 1056 ι
197 1029 252 1057 14.
272 1027 486 1071 καταστρέφειν
512 1028 551 1063 εἷς
572 1027 779 1069 φιλανθρωπίαν
800 1041 864 1064 τους

197 1069 303 1108 λόγους.
320 1073 438 1107 33,18.

152 1112 366 1154 φιλάνθρωπος]
389 1113 478 1148 πάθος
497 1113 711 1169 φιλάνθρωπον.
737 1117 787 1151 19,
810 1118 860 1146 17.

194 1157 484 1198 προκαταλαμβάνειν
497 1159 537 1188 τὰ
551 1160 625 1187 κοινα
644 1158 691 1187 καὶ
708 1157 861 1200 φιλάνθρω-

194 1210 239 1229 πα
251 1203 308 1231 τῶν
322 1199 474 1240 ὀνομάτων.
489 1202 542 1236 89,
560 1202 611 1231 13.

149 1242 373 1295 φιλανθρώπως]
400 1243 564 1284 παραδόξως
584 1243 633 1272 καὶ
660 1242 861 1284 φιλανθρώπως

194 1284 261 1326 πρὸς
274 1284 396 1316 ἕκαστον
407 1285 556 1325 διελέγετο.
565 1287 620 1321 33,
636 1288 688 1317 23.

150 1326 317 1369 φιλεταίρως
345 1329 480 1360 κλέπτειν
516 1328 565 1359 καὶ
593 1329 677 1370 κοινῇ,
705 1331 859 1361 communi

192 1372 321 1403 consilio
350 1377 380 1403 et
408 1372 576 1403 concordia
603 1361 760 1403 sodalibus
784 1383 858 1404 con-

188 1413 391 1466 junctissimis
405 1416 502 1457 digna
514 1415 617 1446 furari.
633 1416 687 1451 15,
698 1418 751 1446 32.

146 1455 245 1499 φιλία]
269 1459 467 1492 ἀναβάλλεται
486 1460 551 1493 τοὺς
571 1471 622 1493 της
645 1457 741 1497 φιλίας
762 1458 858 1497 λόγους

191 1500 230 1535 εἷς
241 1513 290 1533 την
305 1501 496 1544 πρεσβυτέραν
511 1513 558 1531 και
577 1503 725 1555 φρονουσαν
741 1501 857 1532 ηλικίαν.

191 1547 244 1580 19,
256 1547 310 1576 34.
332 1544 558 1586 προσκαλεῖσθαι
572 1556 610 1579 εις
627 1557 673 1576 την
684 1543 788 1584 φιλίαν.
804 1549 857 1582 24,

189 1589 242 1618 26.
273 1589 343 1629 περι
358 1588 486 1623 πλείονος
500 1590 548 1620 την
562 1588 663 1619 τούτου
683 1588 778 1628 φιλίαν
796 1600 858 1619 ποι

188 1629 282 1661 εῖσθαι
297 1643 348 1666 της
362 1630 465 1662 ἐκείνων
479 1629 629 1670 σωτηρίας.
647 1634 700 1666 48,
716 1634 768 1662 29.

145 1673 333 1713 φιλιππίζειν,
347 1675 471 1706 studere
485 1674 646 1715 Philippo.
671 1673 857 1713 φιλιππίζειν

188 1718 236 1748 τὴν
250 1717 362 1747 Πυθίαν
376 1719 504 1757 φάσκων.
521 1720 575 1752 72,
589 1720 641 1746 14.

145 1758 240 1800 φίλος]
256 1760 415 1792 ἀπάνευθεν
429 1760 540 1802 ἑταίρων
554 1757 650 1798 φίλων.
667 1760 720 1794 21,
737 1761 767 1789 2.
790 1770 854 1789 συν-

187 1803 272 1833 ηθεια
285 1808 341 1834 τῶν
355 1804 454 1843 φίλων,
468 1802 660 1834 consuetudo
684 1811 753 1832 cum
779 1802 855 1832 ami-

187 1847 241 1876 cis.
252 1850 305 1883 48,
322 1849 374 1878 27.
397 1845 533 1886 πατρικὸς
547 1843 638 1885 φίλος.
654 1846 707 1880 61,
722 1847 755 1875 3.

142 1889 300 1930 φιλοτιμία
327 1890 366 1923 εἰς
391 1892 432 1920 τα
453 1889 542 1919 καλά..
567 1890 620 1923 23,
638 1890 668 1918 8.
697 1885 854 1917 ἀναλίσκειν

185 1935 235 1964 τήν
249 1931 391 1973 wan-396&
404 1931 497 1963 οὐσίαν
513 1932 550 1965 εἶς
566 1942 614 1961 την
630 1929 696 1971 πρός
717 1931 795 1970 ὑμᾶς
806 1938 853 1970 φι-

185 1975 330 2015 λοτιμίαν.
344 1977 397 2011 56,
411 1977 463 2005 27.
497 1973 631 2025 αρπάζειν
641 1975 689 2004 τήν
704 1972 853 2013 φιλοτιμί-

185 2030 229 2048 αν.
240 2021 295 2054 57,
307 2021 361 2049 10.
389 2017 559 2058 φιλοτιμίαν
573 2014 711 2052 κτασθαι,
726 2017 853 2070 gloriam

185 2061 244 2092 sibi
265 2071 383 2102 parere.
410 2062 463 2097 60,
477 2064 510 2092 4.
541 2059 696 2098 καταγελᾷ
715 2061 766 2094 τῆς
789 2059 854 2100 πρὸς

185 2106 266 2145 ὑμας
279 2102 461 2144 φιλοτιμίας.
477 2106 531 2155 84,
544 2105 597 2133 18.
618 2104 661 2141 μὴ
676 2100 779 2142 νέμετε
797 2106 852 2138 τὰς

185 2146 366 2188 φιλοτιμίας,
378 2148 459 2177 ἀλλα
474 2145 588 2187 κρίνετε.
604 2148 657 2181 90,
670 2147 700 2176 2.

143 2190 310 2232 φιλότιμος]
339 2189 553 2231 φιλοτιμότερον
567 2188 666 2229 ἕξομεν
680 2189 745 2222 τους
759 2199 851 2230 παρα-

184 2236 337 2275 νομοῦντας
351 2233 501 2273 ἐξετάζειν.
518 2235 570 2269 27,
586 2233 642 2263 ult.
671 2234 726 2266 τὰς
740 2232 852 2271 φιλοτί-

183 2289 256 2318 μους
280 2278 328 2308 καὶ
351 2276 414 2307 λίαν
439 2275 528 2316 ὀξείας
553 2274 655 2317 ψυχὰς
682 2273 850 2316 ἐρεθίζοντες.

141 2362 299 2405 φίλτατος]
323 2363 336 2393 ὅ
350 2375 391 2393 τα
405 2362 539 2404 φίλτατα
553 2374 601 2392 και
618 2361 779 2393 οἰκειότατα
793 2363 851 2392 σώ-

184 2419 275 2448 ματα
288 2408 331 2448 μὴ
345 2405 481 2447 στέργων.
496 2409 549 2442 64,
562 2409 617 2437 42.

167 2462 175 2480 ι
177 2461 241 2491 μο.ς
259 2452 290 2485 9,
306 2452 337 2481 9.

142 2450 290 2534 goesiv]
275 2492 361 2534 φοβεῖ
372 2493 436 2527 τοὺς
446 2491 654 2533 μικροπολίτας
663 2493 705 2522 τά
719 2494 774 2521 τῶν
785 2502 850 2532 μει-

185 2535 265 2575 ζόνων
291 2535 375 2579 (scil.
401 2535 507 2567 πόλεων
534 2535 675 2577 πολιτῶν)
697 2534 849 2576 ἀπόρρητα.

141 2620 300 2663 φορεῖσθαι]
316 2621 492 2660 φοβηθέντες,
505 2623 548 2662 μὴ
562 2620 745 2663 ἀνακηρυχθῇ
758 2621 850 2652 αὐτων

184 2666 199 2696 ἡ
230 2664 357 2706 βδελυρία
380 2666 418 2700 εἲς
443 2676 542 2696 πασαν
563 2667 612 2696 τὴν
636 2664 725 2694 πόλιν.
747 2666 846 2700 9,16.

186 2709 374 2747 σκευαγωγεῖν
383 2707 415 2738 ἔκ
430 2711 485 2738 τῶν
497 2709 586 2749 ἀγρῶν
597 2705 733 2747 φοξηθείς.
747 2710 799 2745 65,
816 2711 846 2739 9.

184 2750 348 2791 φοβουμενοι
359 2762 406 2780 τον
420 2751 547 2792 ἔλεγχον.
563 2753 616 2788 67,
632 2753 685 2782 37.
708 2750 802 2784 Βουλει
813 2761 846 2781 σε

187 2793 233 2824 θῶ
245 2794 294 2824 και
301 2793 467 2833 φοβηὲηναι.
478 2796 533 2830 77,
549 2796 579 2825 6.

141 2835 240 2878 φόβος]
263 2836 390 2877 ἒπαρτῶν
403 2834 500 2876 φόέους
514 2838 572 2871 τοῖς
583 2836 770 2877 ἀκροωμένοις.
793 2838 846 2874 25,

184 2881 216 2911 5.
248 2879 295 2910 τόν
308 2879 494 2921 περιστάντα
508 2880 608 2914 αὐτοὺς
621 2879 710 2920 φόέον.
726 2882 779 2917 73,
794 2883 845 2911 16.

181 2922 196 2953 ὅ
214 2922 338 2964 κομίζων
353 2921 388 2952 τὸ
406 2921 518 2964 χρυσίον
536 2921 566 2953 ’ἦν
585 2922 675 2964 καιρὸς
695 2923 742 2953 καὶ
763 2923 848 2964 φόβος

182 2965 232 2995 καὶ
246 2964 328 3008 χρεία
340 2966 522 3009 συμμάχων.
535 2967 588 3004 88,
601 2970 631 2999 4.
654 2966 781 3009 ἀνάνδρως
793 2965 845 2998 ἐνε-

144 3018 220 3042 VOL·
237 3019 260 3040 1.

1568 154 1620 194 89

950 256 1027 293 γκεῖν
1038 253 1084 284 τὸν
1097 254 1190 294 φόβον.
1206 256 1259 290 89,
1274 255 1326 285 35.

907 297 1034 338 φοινικὶς]
1057 296 1205 337 φοινικίδας
1219 296 1420 338 περιεπέτασε.
1437 301 1489 336 64,
1505 301 1558 330 27.

907 341 1008 381 φοιτᾷν
1022 340 1070 371 ἐπὶ
1086 342 1133 371 την
1148 341 1242 370 οἰκίαν.
1259 343 1290 377 9,
1306 343 1335 371 4.

906 383 1024 425 φονικὸς]
1040 381 1066 412 έν
1078 385 1145 417 ταῖς
1157 385 1280 422 φονικαῖς
1293 384 1380 418 δίκαις
1395 383 1442 415 ἐπὶ
1455 385 1615 427 παλλαδίου.

951 429 1005 463 39,
1020 428 1073 457 35.

906 467 994 509 φόνος]
1018 469 1095 508 φόνου
1109 467 1211 498 δικαίου
1224 468 1321 507 μηδεὶς
1341 469 1436 501 ἑαυτὸν
1450 472 1614 502 ἀναπλῆσαι

948 510 1083 548 ζοὺλοιτο,
1110 512 1180 542 ὅπου
1202 509 1296 540 ἀδίκου
1315 523 1347 549 γε
1363 513 1535 553 φυλάξαιτο.
1561 517 1614 551 39,

947 559 999 585 41.
1043 555 1118 595 φόνος
1144 553 1345 586 committitur
1379 557 1469 587 trium
1509 567 1611 588 rerum

947 598 1117 634 ablatione,
1137 598 1152 629 ἢ
1173 597 1281 638 ψυχῆς,
1294 595 1308 627 ἢ
1323 598 1429 636 οὐσίας,
1444 600 1459 632 ἢ
1474 599 1612 641 ἐπιτιμί-

945 651 989 674 ας.
1007 643 1061 677 39,
1081 643 1134 672 42.

901 685 970 723 φορά
981 683 1093 724 ῥητόρων
1105 687 1224 725 πονηρῶν
1239 685 1286 715 καὶ
1299 688 1456 726 τολμηρῶν.
1476 688 1530 720 87,
1547 689 1600 717 16.

901 726 1179 768 φορμοῤῥαφεῖσθαι]
1203 727 1473 770 φορμορραφούμεθα
1497 727 1547 758 ἐπὶ
1572 731 1612 759 τὸ.

943 770 1040 800 στενα.
1060 772 1114 806 77,
1132 773 1184 801 27.

900 810 991 865 φόρος]
1016 811 1187 854 Ἀριστείδης
1211 827 1223 844 ο
1241 827 1305 849 τους
1327 814 1422 855 φόρους
1439 812 1534 853 τοίξας
1551 814 1612 848 τοῖς·

935 854 1071 887 Ἕλλησι.
1101 859 1154 892 31,
1182 860 1234 888 20.
1272 857 1366 899 φόρους
1394 855 1526 897 τάξαντα
1551 869 1612 892 τοις

935 896 1083 931 εἘλλησιν.
1102 902 1155 935 90,
1172 902 1223 931 20.

898 941 1037 984 φορτικὸν]
1060 944 1157 973 ταῦτα
1172 942 1200 973 δὲ
1217 941 1292 982 λέγω
1304 943 1334 973 οὗ
1348 954 1398 973 του
1413 943 1541 984 φορτικοῦ
1556 942 1612 974 ἕνε-

940 996 990 1022 κα,
1005 996 1068 1016 non
1082 997 1143 1026 quo
1162 991 1215 1016 aut
1228 997 1294 1023 vos,
1311 991 1366 1017 aut
1379 986 1478 1022 illum,
1493 986 1534 1017 de
1547 997 1610 1027 quo

939 1028 1058 1069 loquor,
1080 1029 1237 1060 offendam
1260 1029 1406 1059 orationis
1428 1029 1612 1070 importuni-

940 1076 1014 1102 tate.
1031 1074 1063 1107 6,
1075 1075 1127 1103 26.
1158 1071 1192 1102 τὸ
1205 1071 1333 1112 φορτικὸν
1346 1073 1378 1103 h.
1390 1072 1411 1102 1.
1427 1077 1476 1102 est
1491 1077 1608 1113 proter-

940 1114 990 1145 via
1005 1115 1127 1156 linguae,
1143 1116 1202 1146 oris
1216 1115 1400 1157 petulantia,
1413 1125 1484 1146 cum
1504 1121 1538 1145 tu
1553 1115 1610 1146 im·

939 1159 1090 1194 meritum,
1107 1158 1193 1189 nulla
1213 1165 1395 1200 provocatus
1417 1158 1542 1199 injuria,
1557 1158 1610 1189 lae·

939 1200 1012 1231 dere
1028 1206 1060 1232 et
1074 1202 1224 1232 lacessere
1240 1203 1359 1255 probris
1375 1202 1478 1243 gestis.

894 1245 1010 1285 φρονεῖν]
1034 1243 1176 1285 ἀκμοίζειν
1187 1245 1231 1284 τῷ
1244 1242 1274 1274 ευ
1285 1246 1396 1285 φρονειν.
1418 1248 1450 1280 4,
1467 1246 1520 1274 16.
1541 1244 1608 1274 ἀνα-

935 1286 1081 1319 Βοίλλεται
1103 1288 1169 1322 τοὺς
1192 1289 1244 1341 τῆς
1268 1287 1365 1327 φιλίας
1388 1286 1485 1326 λόγους
1503 1286 1541 1320 εἷς
1559 1288 1608 1318 *riv

937 1329 1128 1370 πρεσβυτέραν
1159 1330 1207 1360 και
1236 1332 1382 1371 φρονουσαν
1408 1329 1525 1361 ἡλικίαν.
1553 1332 1608 1366 19,

937 1374 990 1404 34.
1005 1373 1151 1414 ἅνθρωπος
1158 1374 1220 1414 περὶ
1233 1373 1267 1404 τὸ
1280 1372 1394 1415 γραφειν
1404 1371 1487 1413 μέγα
1497 1375 1607 1414 φρονῶν.

936 1417 991 1452 44,
1004 1419 1059 1447 36.
1091 1417 1202 1456 φρονεῖν,
1230 1416 1288 1447 sibi
1317 1416 1460 1447 conscius
1488 1426 1607 1452 eorum,

935 1468 1005 1499 quae
1018 1464 1100 1498 agat,
1118 1464 1150 1489 et
1162 1469 1257 1500 quare
1269 1466 1352 1501 agat,
1366 1470 1446 1495 esse,
1464 1459 1606 1491 consulto

935 1506 966 1531 et
977 1502 1145 1532 deliberato
1167 1512 1270 1543 agere.
1294 1503 1420 1543 ὁρώντων,
1435 1502 1607 1543 φρονούντων,

934 1542 1120 1575 GMw-dmm
1110 1548 1198 1585 υμῶν.
1216 1547 1268 1581 67,
1286 1548 1337 1576 10.

891 1587 1055 1629 φροντίζειν]
1084 1587 1238 1628 τραπέζης
1264 1587 1336 1619 ουδέν
1360 1587 1519 1629 φροντίζειν.
1549 1590 1603 1624 52,

933 1632 988 1660 35.

889 1674 1004 1714 φρουρὰ]
1027 1672 1155 1704 ἀπιστία
1179 1675 1228 1703 καῖ
1256 1676 1270 1705 ἦ
1294 1673 1369 1714 μεθ’
1386 1673 1480 1704 δ’πλων
1503 1675 1603 1715 φρουρά

931 1715 1017 1755 σώζει
1031 1719 1072 1747 τά
1087 1719 1142 1746 τῶν
1155 1728 1286 1756 τυραννων
1299 1717 1348 1747 και
1360 1729 1416 1747 των
1430 1717 1602 1759 ὀλιγαρχιῶν

932 1759 1064 1799 σώματα
1089 1771 1138 1789 και
1166 1760 1320 1791 πολιτείαν.
1350 1763 1381 1796 1,
1404 1763 1455 1792 22.
1487 1763 1603 1802 φρουραν

931 1801 1062 1840 εἰσάγειν.
1078 1804 1134 1839 73,
1150 1804 1203 1833 30.

889 1847 985 1883 φυγάς
998 1843 1051 1876 ἀπ’
1065 1845 1248 1884 εἰσαγγελίας
1261 1845 1421 1884 γεγένηται.
1436 1847 1490 1882 65,
1506 1850 1537 1878 4.

888 1887 978 1928 φυγη]
1001 1887 1097 1927 ἐφόδια
1110 1900 1161 1923 της
1175 1891 1274 1928 φυγῆς.
1289 1892 1343 1924 24,
1356 1891 1408 1920 29.
1431 1891 1518 1928 φυγῆ,
1534 1894 1600 1921 tota

931 1931 1096 1962 multitudo
1121 1932 1272 1968 exsulum,
1295 1933 1381 1963 velut
1404 1942 1518 1973 corpus
1544 1934 1599 1963 ali-

931 1975 1015 2014 quod
1037 1980 1090 2005 aut
1113 1974 1278 2016 collegium
1301 1975 1450 2006 exsulum.
1473 1974 1600 2016 ᾑρημένοι

931 2016 984 2046 ὑπὸ
1008 2019 1060 2052 τῆς
1084 2019 1185 2058 φυγῆς,
1201 2028 1219 2047 a
1234 2027 1363 2059 corpore
1385 2018 1523 2049 exsulum
1542 2019 1599 2049 de-

928 2059 1014 2096 lecti,
1031 2061 1182 2102 deputati.
1199 2062 1254 2096 47,
1269 2063 1299 2092 8.
1322 2061 1530 2102 στοχάζεσθαι
1547 2063 1598 2096 τῆς

928 2105 1019 2142 φυγῆς
1032 2103 1081 2133 καὶ
1096 2105 1147 2138 τῆς
1166 2103 1308 2144 παρούσης
1328 2105 1408 2144 αὐτῷ
1427 2103 1544 2145 ἀπορίας
1562 2105 1599 2139 ὡς

927 2146 1044 2187 ἄριστα.
1067 2149 1121 2183 49,
1138 2150 1169 2178 4.
1200 2146 1297 2187 ἐφόδια
1319 2149 1409 2187 φυγῆς
1428 2149 1492 2178 τινά
1514 2148 1595 2177 ἀπο-

928 2191 1047 2230 στερεῖν.
1061 2192 1114 2226 50,
1127 2191 1178 2221 25.

885 2230 996 2274 φύλαξ]
1020 2231 1178 2273 ἔφιστάνειν
1192 2235 1255 2264 τινὰ
1278 2233 1397 2274 φύλακα
1420 2236 1475 2264 τῶν
1496 2232 1594 2273 νόμων.

928 2278 959 2312 2,
974 2279 1004 2307 3.

884 2318 1058 2359 φυλάττειν]
1081 2318 1241 2359 φυλακτέον
1263 2331 1296 2360 p.
1321 2323 1352 2356 1,
1374 2322 1426 2350 23.
1452 2319 1595 2361 ambigue

929 2362 1063 2403 positum
1080 2368 1137 2399 est,
1153 2369 1188 2393 ut
1203 2363 1301 2404 primo
1318 2362 1445 2404 quidem
1461 2363 1529 2393 loco
1545 2373 1596 2394 ac-

928 2405 993 2446 cipi
1019 2406 1134 2436 debeat
1161 2416 1217 2447 pro
1241 2407 1403 2436 cavendum
1422 2410 1474 2440 est,
1501 2406 1595 2436 altero

928 2458 986 2489 pro
997 2449 1216 2480 observandum.
1233 2448 1366 2482 ἀβουλίαν
1380 2448 1594 2487 φυλάττεσθαι.

928 2494 982 2528 38,
1003 2494 1034 2523 5.
1056 2491 1135 2531 φόνου
1158 2490 1262 2522 δικαίου
1287 2492 1385 2532 μηδεὶς
1408 2491 1504 2521 ἑαυτὸν
1528 2495 1595 2521 ἀνα-

928 2537 1040 2566 πλῆσαι
1062 2535 1200 2570 Βούλοιτο,
1226 2534 1304 2565 ἦπου
1330 2534 1422 2564 ἀδίκου
1445 2546 1477 2573 γε
1499 2535 1594 2575 φυλαί·

927 2577 1019 2617 ξαιτο.
1036 2580 1090 2615 39,
1104 2582 1156 2609 41.
1180 2578 1226 2608 τόν
1239 2577 1358 2617 δαίμονα
1375 2577 1422 2606 καὶ
1439 2580 1486 2609 τῆν
1504 2580 1594 2619 τυχῆν

926 2623 976 2653 ‘riv
991 2620 1318 2663 συμπαρακολουθοῦσαν
1333 2620 1375 2659 τῷ
1389 2621 1528 2661 ἀνθρώπῳ
1539 2630 1593 2661 φυ-

926 2664 1090 2704 λάξασθαι.
1108 2667 1162 2700 76,
1183 2668 1214 2695 7.
1238 2665 1402 2705 σπλάγχνα
1424 2665 1593 2703 φυλάττειν.

925 2710 978 2744 76,
995 2710 1046 2738 27.

882 2750 1020 2792 φυλέτης]
1044 2750 1171 2790 φυλέτας
1183 2749 1336 2780 καθῆσθαι
1351 2748 1518 2785 Βοηθοῧντας
1532 2752 1592 2787 τοῖς

924 2793 1025 2834 νόμοις.
1040 2796 1072 2830 5,
1089 2796 1141 2826 22.

881 2837 972 2877 φυλή]
995 2838 1008 2866 ἦ
1025 2839 1098 2876 φυλὴ
1116 2836 1149 2867 τό
1172 2836 1284 2866 δέκατον
1303 2834 1386 2876 μέρος
1408 2837 1458 2869 τῆς
1474 2835 1589 2870 πόλεως.

925 2882 978 2917 54,
994 2882 1046 2910 17.
1070 2881 1169 2920 ἀγορὰν
1192 2881 1284 2910 ποιεῖν
1297 2882 1352 2908 τῶν
1367 2882 1472 2918 φυλῶν,
1487 2879 1590 2911 conci-

925 2933 1016 2954 onem
1032 2922 1175 2954 tribuum.
1192 2924 1245 2958 57,
1260 2924 1312 2953 37.
1336 2920 1378 2956 οὓς
1393 2922 1421 2951 αἶ
1439 2923 1528 2962 φυλαὶ
1539 2923 1589 2953 καὶ

926 2967 953 2997 αῖ
971 2965 1101 3007 τριττύες
1115 2965 1163 2998 καὶ
1179 2967 1200 2997 οἱ
1222 2966 1304 3007 δῆμοι
1322 2963 1353 3004 ἐξ
1369 2965 1473 2998 ἑαυτῶν
1488 2967 1588 3007 αἱροῦν-

883 3019 902 3038 Ν
