1932 3322
475 169 560 211 AD
590 168 694 211 ΟΒ..
727 168 780 210 C.
812 164 1209 208 TIMARCHUM.

105 262 195 301 hujus
210 257 300 290 verbi
315 258 513 299 mediumque
529 260 667 290 interest.
682 257 821 299 δικαζέτω

107 305 186 334 foret
203 303 359 342 judicato,
385 302 418 332 id
434 303 517 342 quod
540 304 578 333 ab
597 304 656 333 hoc
679 303 749 331 loco
774 306 823 331 est

107 346 338 377 alienissimum.
384 347 615 376 Obversabatur
635 347 701 384 ejus
721 345 822 374 animo

108 387 276 427 δικαζέσθω,
282 391 302 429 j
307 398 358 419 ure
372 390 608 428 experit0r‚j11re
619 390 712 428 agito.
736 389 823 417 Bene

109 433 201 463 habet
229 432 365 471 vulgata,
393 432 478 462 idem
513 431 699 472 significans,
732 434 823 470 atque

108 474 341 515 τηεσε-ποιούμεθα
356 476 398 505 νῦν
411 475 459 504 καὶ
475 474 596 514 τίθεμεν
608 473 651 504 ἔτι
666 473 824 514 δικάζεται.

109 519 293 548 Mutandum
309 518 335 548 si
350 518 424 557 quid
442 518 494 554 sit,
511 518 592 557 quod
608 518 701 548 video
716 518 759 547 nil
775 528 823 547 es-

109 571 155 597 se,
171 561 285 597 malim,
297 571 356 590 non
374 558 465 597 οὗτος,
484 562 540 591 sed
556 559 642 595 οὕτως
658 561 731 599 legi.
754 559 824 590 ἀλλ’

109 604 164 646 οὔχ
179 602 274 638 οὕτως.
311 604 367 634 Sed
382 614 470 634 causa
482 606 524 634 sic
540 615 600 633 non
613 604 724 634 habeto.
750 605 824 634 Fin-

109 657 215 686 gamus
228 658 292 677 rem
306 653 413 677 contra
428 657 509 683 esse,
522 652 612 687 atque
624 647 716 677 modo
729 658 825 687 pone-

109 691 228 721 bamus.
245 691 373 727 Verum,
384 692 467 730 quod
481 691 557 726 dixi,
572 701 663 721 causa
676 692 760 720 nulla
771 702 825 721 nos

109 733 168 763 hoc
180 733 300 773 quidem
309 733 380 763 loco
391 744 409 763 a
419 734 544 773 vulgata
553 735 716 764 discedere
729 736 824 775 cogit.

109 773 189 811 οὗτος
204 776 287 807 redit
301 777 340 806 ad
359 778 589 808 conductorem.

151 820 233 850 ibid.
247 831 280 850 v.
296 823 348 852 ⁶20.
370 821 478 862 αὐτῶν]
504 821 588 851 Dedi
603 820 694 861 αὐτῷ’,
711 822 761 861 qui
777 826 825 852 tu.-

109 863 223 894 multus
236 864 262 894 ei
277 874 334 894 non
346 866 504 894 occurret?

150 906 228 937 ibid.
252 904 364 937 ἔπειτα
386 906 532 950 ἐκβάλλῃ]
570 907 698 947 Reliqui
722 908 825 938 locum

107 949 190 980 hunc
211 950 241 979 in
264 951 424 980 manifesto
440 952 529 989 vitio,
546 952 688 990 quoniam
709 962 826 988 eorum,

109 1003 178 1032 quae
195 993 234 1023 ad
249 993 326 1023 illud
343 994 514 1024 tollendum
531 1006 586 1024 seu
603 994 688 1031 libri,
707 1005 763 1024 seu
780 996 826 1024 in-

111 1035 200 1076 genia
217 1036 350 1067 virorum
373 1038 533 1068 doctorum
554 1038 733 1074 attuleruut,
751 1038 827 1068 nihil

111 1079 274 1109 satisfacit.
295 1080 428 1110 Videtur
443 1085 544 1111 orator
555 1081 631 1111 mihi
644 1082 766 1122 quidem
781 1081 827 1111 sic

110 1122 291 1161 reliquisse:
315 1122 360 1157 τίς
381 1126 437 1164 γιὶς
453 1124 501 1154 οὐκ
524 1123 587 1164 ἑξεῖ,
606 1124 632 1154 εἶ’
652 1136 685 1163 γε
702 1125 828 1159 τοιοῦτος

111 1164 259 1205 ἐμβάλλει
275 1166 315 1201 εἷς
327 1168 377 1198 τήν
391 1168 503 1207 ἀγοςάν,
519 1167 534 1198 ἢ
549 1169 743 1207 στεφανοῦται
759 1168 827 1208 [vel

111 1207 249 1249 στέφανον
263 1210 355 1250 αἰτεῖ]
372 1209 385 1240 ἦ
400 1211 524 1250 πράττει
533 1222 564 1240 τι
577 1213 632 1240 τῶν
643 1211 734 1240 αὐτῶν
748 1211 826 1250 ἡμῖν.

112 1251 221 1292 Ecquis
226 1253 296 1292 jam
307 1262 365 1282 non
377 1259 444 1293 aget
454 1259 607 1289 oratorem,
620 1255 646 1284 si
660 1254 827 1293 hujusmodi

112 1294 193 1324 homo
210 1295 286 1335 [ista
299 1295 390 1332 sama,
409 1295 479 1326 istis
496 1297 647 1333 moribus,
661 1302 753 1336 atque
773 1297 826 1326 'ri-

110 1338 268 1378 marchus]
282 1338 427 1380 inferum
439 1340 590 1379 irrumpit,
602 1350 738 1370 coronam
746 1342 828 1381 gerit

111 1380 182 1422 [a‘ut
201 1383 288 1421 petit,
312 1382 343 1412 h.
369 1393 397 1412 e.
422 1381 551 1413 honores.
573 1383 723 1414 honorum
745 1383 828 1413 enim

107 1425 228 1463 judicia
238 1430 270 1455 et
284 1425 418 1465 insigni-a
430 1430 516 1456 erant
527 1427 664 1468 coronae]
677 1432 732 1457 aut
742 1427 828 1457 aliud

111 1468 195 1508 quid,
210 1469 415 1509 quodcunque
427 1470 550 1499 tandem
564 1473 630 1510 agit
642 1471 712 1510 pari
734 1470 829 1500 nobis-

112 1521 183 1541 cum
194 1512 295 1551 jure?
326 1512 492 1549 Senatores
515 1523 643 1543 munere
664 1514 831 1553 fungentes

110 1564 241 1585 coronas
257 1556 413 1595 gerebant,
422 1567 561 1596 annoque
573 1556 739 1587 functionis
756 1568 829 1588 evo-

111 1597 190 1634 luto,
209 1598 341 1628 Senatus
362 1609 488 1631 munere
510 1601 665 1631 decedens
682 1610 700 1630 a
713 1601 829 1641 populo

113 1651 257 1671 coronam
265 1643 393 1681 petebat
405 1653 537 1679 auream,
548 1644 759 1674 testimonium
769 1645 830 1674 vir-

113 1685 188 1715 tutis
206 1689 238 1715 et
251 1685 299 1715 rei
313 1686 390 1716 bene
403 1693 513 1726 gestae,
527 1698 589 1727 quo
607 1692 676 1718 acta
691 1697 747 1717 sua
758 1698 830 1718 con—

112 1729 316 1764 firmarentur,
332 1734 364 1759 et
378 1734 444 1760 rata
457 1730 652 1761 haberentur.
685 1731 750 1761 Sed
767 1742 830 1761 me-

112 1771 217 1801 dicina
231 1772 398 1811 desperato
413 1773 485 1804 huic
502 1775 573 1804 loco
589 1779 642 1805 aut
662 1774 757 1811 nulla,
778 1779 830 1804 aut

113 1825 132 1845 a
146 1815 327 1845 melioribus
342 1816 429 1846 libris
445 1817 560 1847 veniet.

156 1868 187 1897 p.
204 1860 256 1889 69.
275 1870 304 1890 v.
318 1861 347 1889 Ξ.
363 1859 429 1899 πρός
443 1862 483 1890 τὰ
499 1860 589 1902 κοινοὶ]
614 1860 693 1890 Post
710 1859 777 1901 πξός
789 1862 830 1891 τὰ,

112 1903 187 1932 κοινοὶ
203 1902 327 1932 videtur
345 1901 391 1933 ἤδη
407 1904 527 1934 deesse.
821 1912 824 1918 “

155 1945 232 1975 ibid.
256 1957 285 1976 v.
307 1948 339 1976 4.
362 1945 408 1976 διὰ
429 1948 528 1989 τοῦτο]
553 1947 646 1977 Τοῦτο
669 1956 706 1976 an
731 1948 830 1978 τοῦτον

113 1992 252 2028 praestet,
267 1990 400 2027 ambigo.

158 2031 186 2071 ᾗ.
202 2031 260 2070 λγ’.
282 2043 315 2071 p.
332 2034 384 2062 69.
409 2042 439 2062 V.
459 2036 511 2063 11.
535 2031 653 2074 ἔξωθεν]
678 2032 756 2069 Quae
781 2043 830 2062 ar-

115 2079 259 2114 gumenta
273 2076 444 2105 forinsecus
465 2077 571 2106 afferet
587 2081 678 2115 atque
698 2076 829 2115 ingeret,

115 2127 215 2148 causae
232 2128 295 2148 suae
311 2129 397 2158 ergo,
413 2128 481 2158 quae
500 2119 578 2149 mala
594 2124 625 2149 et
641 2119 831 2149 conclamata

115 2165 175 2198 est,
194 2161 408 2198 defendendae,
429 2172 447 2191 a
468 2162 606 2192 moribus
628 2162 757 2192 aliorum
773 2172 830 2202 po-

113 2204 258 2243 pulorum
277 2205 386 2244 petita,
403 2216 498 2244 penes
515 2216 591 2245 quos
613 2216 698 2236 amor
719 2215 829 2244 puero-

115 2257 182 2277 rum
198 2247 359 2285 honestus,
371 2254 403 2278 et
417 2259 434 2278 a
445 2249 568 2288 legibus
584 2260 639 2279 seu
650 2259 830 2285 concessus,

116 2300 172 2321 seu
183 2291 354 2330 imperatus
366 2295 425 2328 est,
438 2293 486 2322 vel
500 2292 621 2332 vulgari
632 2303 716 2322 more
732 2293 831 2323 sanci-

115 2336 178 2364 tus.
201 2335 261 2364 Vel
276 2336 380 2374 potius
401 2337 442 2365 ’τὰ
457 2334 556 2375 ἔξωθεν
570 2336 601 2365 h.
616 2336 638 2366 l.
655 2340 726 2365 sunt
742 2346 792 2366 res
813 2346 831 2366 a

115 2386 209 2407 causa
217 2383 370 2417 praesente
382 2378 501 2409 alienae.
522 2379 560 2409 Id
572 2378 654 2418 quod
666 2379 829 2418 insequen-

116 2419 159 2450 tia
172 2420 298 2452 docent.
312 2422 351 2453 V.
364 2432 396 2462 p.
413 2423 467 2451 70.
484 2433 515 2452 v.
530 2424 561 2453 6.

158 2463 236 2495 ibid.
251 2475 282 2495 v.
297 2475 368 2505 pen.
390 2463 546 2506 εὐφημίαν]
570 2465 640 2502 Qua
663 2464 730 2495 scil.
756 2465 830 2495 Phi-

115 2504 219 2547 lippus
233 2507 267 2537 in
282 2507 347 2538 suis
361 2508 401 2538 ad
416 2509 449 2538 S.
465 2509 504 2538 P.
521 2509 561 2546 Q.
576 2510 615 2538 A.
630 2508 740 2544 literis,
756 2507 830 2539 item

115 2547 150 2579 in
167 2549 231 2581 suis
247 2551 287 2580 ad
300 2561 357 2582 nos
371 2552 492 2591 legatos
514 2552 708 2582 sermonibus
728 2562 831 2582 coram

116 2602 192 2623 usus
206 2598 265 2624 est.

159 2634 186 2674 §.
203 2634 256 2666 23¹.
272 2646 303 2675 p.
317 2638 372 2667 ¹70.
387 2647 419 2667 v.
434 2639 464 2668 9.
481 2637 615 2678 τεχνίτου
631 2637 734 2678 λόγων]
754 2639 832 2668 Post

116 2678 249 2719 τεχνίτου
263 2679 352 2718 λόγων
367 2680 485 2720 aliquid
508 2682 618 2712 deesse
641 2686 726 2711 recte
754 2681 833 2712 vidit

116 2721 243 2760 Taylor.
265 2723 394 2759 Nescio,
419 2734 456 2754 an
483 2724 533 2754 his
558 2725 667 2764 paucis
691 2725 831 2755 desectus

117 2764 281 2804 expleatur
295 2765 344 2795 καὶ
360 2768 474 2807 μιαροῦ,
490 2764 520 2797 οὗ
534 2767 581 2798 τὸν
591 2767 691 2809 τρόπον
704 2767 773 2810 (vel
784 2769 834 2799 τῆν

117 2805 276 2849 βδελυρίαν)
290 2809 332 2838 νῦν
346 2808 528 2850 διηγήσομαι.

161 2850 237 2881 ibid.
259 2863 290 2882 v.
313 2855 364 2882 11.
387 2853 532 2893 ἀνάλωσε]
567 2853 675 2884 Lectio
696 2853 833 2884 ἀπώλεσε

119 2890 244 2924 videtur
258 2895 426 2934 probanda.
446 2896 672 2927 Demosthenes
685 2897 764 2927 enim
780 2899 834 2928 he-

118 2936 281 2967 reditatem
290 2938 359 2978 ipse
369 2948 430 2968 uon
439 2939 635 2980 prodegerat,
646 2940 700 2970 sed
714 2943 834 2971 tutores

119 2978 304 3018 minuerant,
318 2985 351 3012 et
365 2979 445 3013 iuter
463 2992 497 3012 se
513 2982 692 3014 diviserant.
718 2984 834 3015 Verum

1463 159 1571 208 335

855 260 889 287 ut
903 256 968 286 haec
982 255 1075 286 lectio
1089 257 1214 287 veritati
1228 258 1274 288 rei
1288 263 1384 299 gestae
1400 265 1448 290 est
1463 271 1576 292 conve-

857 299 1002 334 nientior,
1028 299 1072 329 ita
1098 299 1153 329 illa
1179 301 1276 331 altera
1305 303 1430 342 vulgata
1457 304 1576 335 inimici

858 342 1056 373 acerbitatem
1072 342 1171 381 magis
1187 344 1290 374 decet.

902 386 978 415 ibid.
996 396 1025 415 v.
1042 387 1094 416 19.
1118 386 1156 420 εἷς
1171 388 1219 416 'riv
1234 385 1330 425 φιλίαν
1345 388 1468 430 ταύτην]
1493 391 1576 421 Bene

858 429 884 458 si
896 429 1002 465 habet,
1018 429 1184 468 significat,
1200 430 1230 459 in
1246 430 1330 460 illam
1351 433 1483 470 pellexit
1503 434 1578 463 ami-

859 472 963 502 citiam
987 472 1179 512 praeclaram‚
1196 473 1336 503 omnibus
1356 480 1471 512 notam,
1488 478 1576 515 cujus

859 515 963 545 exitus
979 521 1040 545 tam
1057 516 1135 546 felix
1154 517 1223 547 fuit.
1245 517 1348 547 malim
1369 522 1467 549 tamen
1483 520 1577 561 ταύτῃ

858 558 933 598 legi,
949 558 1006 589 hac
1021 560 1148 589 ratione.

902 602 980 632 ibid.
996 613 1026 632 v.
1043 605 1096 633 21.
1113 602 1288 643 κατάλογον]
1313 603 1501 643 Suspicabar
1517 612 1579 644 φοι-

859 647 953 675 ‘rm-5311
974 645 1004 675 h.
1028 645 1050 675 l.
1075 646 1196 682 deesse,
1218 653 1379 686 antequam
1403 657 1420 676 e
1443 648 1578 687 Tayloro

860 688 1076 728 intelligerem,
1091 689 1125 719 in
1140 694 1221 720 msto
1231 691 1363 730 quodam
1379 691 1488 721 codice
1505 702 1579 731 sup-

859 732 1048 771 plementum
1064 733 1225 772 hoc‚quod
1242 734 1373 769 adscivi,
1388 734 1449 773 legi
1466 734 1580 775 ῥητόρων

861 774 1006 806 ὑπἀὐτοῦ
1022 776 1218 816 γεγενημένων.
1235 779 1306 808 Non
1318 778 1462 816 improbo
1477 788 1582 808 nume-

860 829 928 848 rum
946 819 1097 858 pluralem
1119 820 1299 860 καταλόγους
1322 819 1475 862 [Helmst.
1498 823 1581 852 κατὰ

860 861 958 900 λόγους
967 862 1141 905 ἀποφαίνων]
1156 865 1275 900 indices,
1284 865 1451 895 dummodo
1460 864 1582 905 reliqua

862 916 983 945 quoque
998 917 1037 935 ne
1052 907 1167 937 desint.

904 958 937 987 p.
951 951 1005 980 71.
1024 961 1052 980 v.
1069 952 1100 980 4.
1117 951 1185 991 ὑμῖν
1199 949 1336 993 ἑταίρους]
1361 950 1514 991 Suspicor
1528 950 1581 982 hic

860 1001 962 1031 pauca
973 994 1112 1032 quaedam
1127 995 1250 1031 deesse,
1263 996 1302 1025 ad
1314 995 1394 1024 hunc
1408 995 1503 1025 ferme
1515 1005 1582 1025 mo-

862 1035 951 1065 dum:
969 1036 1037 1075 ὑμῖν
1052 1038 1321 1080 mumma-290&
1334 1037 1579 1075 ἐπιβουλεύοντας,

862 1078 913 1108 vel
930 1077 1135 1120 ἔνυβξίζοντας)
1150 1083 1214 1116 τοὺς
1230 1079 1362 1122 ἑταίρους.

905 1122 981 1152 ibid.
998 1133 1027 1153 v.
1046 1126 1097 1154 19.
1118 1122 1259 1166 διατξιὲὴ]
1283 1125 1328 1154 Η.
1343 1125 1365 1154 1.
1387 1129 1435 1154 est
1450 1124 1580 1154 narrati-

864 1165 975 1195 uncula
994 1166 1109 1205 lepida,
1132 1178 1192 1206 qua
1217 1168 1291 1197 belli
1314 1168 1454 1197 homines
1477 1167 1580 1197 consi-

862 1207 972 1238 dentes
993 1209 1075 1239 inter
1092 1220 1126 1239 se
1145 1211 1289 1249 jactanda
1302 1215 1335 1240 et
1349 1211 1487 1240 dicteriis
1504 1221 1580 1240 exa-

863 1250 986 1290 gitanda
993 1256 1114 1291 tempus
1124 1253 1260 1283 suaviter
1269 1253 1379 1283 fallunt
1388 1254 1582 1293 animumque

862 1294 1030 1325 oblectant.
1060 1296 1178 1326 Eodem
1195 1306 1289 1327 sensu
1306 1296 1428 1337 accipio
1444 1299 1581 1328 vocabu-

861 1337 926 1367 lum
949 1338 1008 1368 hoc
1024 1349 1118 1369 versu
1141 1339 1232 1370 tertio
1254 1350 1390 1382 quoque,
1407 1341 1469 1371 nisi
1491 1341 1582 1371 malis

861 1380 905 1410 ibi
919 1380 1016 1411 schola
1033 1383 1177 1413 reddere.
1435 1388 1461 1409 Ἐ

906 1434 939 1464 p.
955 1426 1009 1455 72.
1033 1436 1062 1456 v.
1079 1428 1132 1456 17.
1155 1426 1238 1456 καλοῖ
1260 1425 1330 1467 μὲν]
1355 1427 1456 1466 Supra
1475 1438 1506 1467 p.
1528 1429 1581 1457 24.

863 1478 895 1497 v.
913 1469 944 1498 9.
961 1472 1026 1498 erat
1040 1467 1131 1509 μόνον,
1147 1470 1200 1499 ubi
1215 1471 1303 1500 locus
1318 1470 1368 1500 hic
1383 1470 1495 1500 iisdem
1514 1480 1581 1500 ver·

864 1510 912 1541 bis
924 1510 1048 1551 legitur.
1073 1516 1237 1553 utrumque
1253 1514 1342 1544 bene.

907 1553 935 1593 §.
952 1553 996 1585 λέ.
1020 1566 1052 1595 p.
1073 1557 1128 1586 73.
1150 1566 1182 1587 v.
1200 1559 1254 1587 14.
1275 1556 1371 1598 λόγον]
1396 1557 1476 1587 Post
1501 1555 1581 1595 λόγον

864 1597 988 1627 videtur
1003 1599 1114 1629 deesse
1129 1599 1266 1641 χρηστόν.

906 1640 983 1671 ibid.
999 1652 1029 1672 v.
1046 1648 1186 1682 antepen.
1207 1642 1310 1683 πολὺν]
1334 1642 1386 1673 Sic
1401 1647 1485 1673 recte
1503 1641 1580 1682 legi-

865 1689 915 1714 tur
931 1685 961 1714 in
978 1685 1051 1715 edd.
1067 1686 1141 1716 Aldi
1156 1691 1188 1716 et
1196 1687 1315 1722 Wolfii,
1326 1690 1360 1716 ut
1371 1686 1517 1721 nesciam,
1528 1685 1580 1724 qui

865 1726 957 1763 πόλιν,
973 1732 1034 1758 tam
1050 1739 1170 1760 crassus
1193 1740 1288 1765 error,
1304 1730 1334 1760 in
1353 1729 1499 1769 Stephani
1515 1729 1566 1759 edi

864 1771 979 1801 tionem
992 1772 1165 1812 irrepserit.
1187 1773 1267 1803 Item
1285 1773 1329 1803 sic
1346 1773 1462 1814 [πολὺν]
1480 1783 1582 1802 emen-

865 1814 956 1844 dasse
979 1816 1196 1846 Marklandum
1217 1817 1256 1846 ad
1280 1817 1418 1856 Lycurgi
1442 1815 1582 1856 [videtur

864 1858 966 1896 Lysiae
979 1869 1107 1890 exarare
1119 1859 1273 1901 voluisse]
1286 1871 1318 1899 p.
1335 1862 1408 1892 606.
1421 1864 1582 1890 annotarat

863 1901 990 1940 Taylor.

907 1955 940 1984 p.
955 1946 1010 1975 74.
1034 1956 1064 1976 v.
1081 1948 1112 1977 6.
1133 1944 1420 1984 ὑποδεδειλιακότων]
1444 1945 1581 1975 Tametsi

864 1988 973 2018 Woffii
990 1990 1197 2028 conjecturam
1219 1988 1485 2019 ἀποδεδειλιακότων
1501 1989 1581 2018 haud

865 2030 923 2060 sim
947 2032 1177 2070 repudiaturus,
1199 2032 1222 2061 si
1249 2043 1266 2061 a
1290 2032 1377 2061 bonis
1402 2032 1581 2061 auctoribus

865 2074 1070 2111 confirmetur,
1090 2076 1187 2106 satius
1213 2080 1312 2104 tamen
1335 2075 1411 2104 duxi
1429 2080 1582 2105 vetustam

863 2117 1030 2147 lectionem
1046 2119 1199 2154 revocari,
1215 2129 1282 2156 quae
1300 2128 1359 2147 non
1377 2122 1424 2148 est
1437 2118 1581 2148 intolera-

864 2160 948 2190 bilis.
962 2160 1015 2192 ὑπὸ
1029 2166 1133 2200 potest
1144 2162 1175 2192 in
1187 2162 1240 2190 tali
1251 2161 1474 2200 compositione
1486 2160 1581 2196 idem,

865 2208 958 2243 atque
982 2204 1032 2246 πρὸ
1055 2205 1238 2245 significare.
1261 2204 1366 2245 δειλιᾷἶν
1384 2203 1434 2244 πρὸ
1454 2205 1504 2234 τοῦ
1526 2215 1582 2234 κιν-

865 2246 949 2277 δύνου.

908 2290 985 2321 ibid.
998 2301 1028 2321 V.
1047 2293 1078 2323 9.
1094 2291 1192 2332 ταχὺ]
1218 2291 1280 2320 Pro
1296 2291 1392 2332 τάχα.
1417 2291 1511 2328 Quod
1527 2301 1581 2321 ex-

865 2333 968 2373 emplo
984 2345 1043 2364 non
1056 2340 1151 2372 caret,
1166 2345 1223 2376 ego
1240 2335 1384 2373 equidem
1400 2334 1480 2364 haud
1497 2334 1582 2365 solli-

864 2377 1037 2408 citaverim.

906 2419 984 2450 ibid.
1002 2431 1032 2453 v.
1051 2423 1102 2451 10.
1119 2419 1212 2461 εἴασε]
1233 2420 1318 2450 atace
1334 2431 1369 2450 an
1387 2420 1484 2451 εἴασαν
1497 2422 1582 2460 lega·

863 2467 914 2493 tur
928 2464 1057 2503 perinde
1073 2464 1146 2500 erit,
1162 2474 1292 2503 quorum
1309 2465 1385 2494 illud
1403 2464 1442 2494 ad
1464 2474 1581 2498 senem,

863 2506 923 2536 hoo
940 2508 979 2537 ad
994 2508 1248 2539 Lacedaemonios
1260 2508 1377 2538 redeat.
1408 2508 1517 2537 Oratio
1533 2512 1582 2537 est

863 2549 991 2581 ironica.

908 2593 935 2632 §.
952 2593 1011 2629 λς’.
1027 2605 1060 2634 p.
1077 2596 1131 2625 74.
1148 2604 1179 2624 v.
1190 2595 1240 2624 17.
1251 2593 1302 2632 ἀφ’
1317 2590 1360 2634 οἷ]
1382 2592 1488 2622 videri
1505 2603 1580 2632 pos-

864 2636 906 2666 sit
919 2637 997 2667 bene
1012 2638 1140 2668 habere.
1153 2649 1172 2667 α
1187 2647 1242 2677 quo
1253 2637 1352 2678 sueto,
1370 2636 1460 2670 unde,
1472 2647 1530 2675 qua
1546 2637 1582 2665 de

865 2690 909 2710 re.
928 2681 1001 2720 quia
1024 2685 1127 2711 tamen
1151 2679 1301 2719 sequitur,
1325 2677 1582 2719 συγκαθειργμένη,

867 2722 950 2764 [scil.
966 2724 1010 2763 τῷ
1031 2722 1142 2764 {broz-Q]
1161 2728 1192 2752 et
1213 2723 1285 2762 quia
1301 2723 1426 2752 codices
1444 2721 1474 2751 in
1491 2721 1540 2762 ὑφ’
1555 2719 1584 2753 οὗ

866 2767 1070 2803 consentiunt,
1080 2766 1190 2796 merito
1206 2766 1264 2795 hoc
1282 2766 1454 2804 praefertur.

909 2809 987 2840 ibid.
1004 2821 1035 2841 v.
1053 2813 1104 2841 18.
1119 2809 1165 2839 διὰ
1180 2807 1281 2848 λιμέν]
1298 2807 1437 2838 Subaudi
1453 2806 1584 2849 ἐξηγριω-

866 2851 962 2893 μένου.

910 2906 942 2935 p.
961 2898 1015 2927 75.
1039 2907 1070 2925 v.
1092 2897 1144 2925 12.
1166 2893 1200 2924 τὸ
1221 2894 1363 2935 πρᾶγμα]
1388 2894 1585 2934 Congressus

867 2939 1033 2970 amantium
1049 2949 1120 2968 cum
1135 2938 1255 2968 amatis.

911 2982 989 3014 ibid.
1007 2992 1038 3012 v.
1052 2983 1101 3013 13.
1117 2981 1211 3022 λόγον]
1237 2981 1401 3012 Sermones
1417 2980 1584 3012 amantium
