1932 3322
413 182 499 224 AD
532 180 632 224 OR.
665 181 730 223 IN
763 179 1257 223 OTESIPHONTEM.
1469 170 1580 221 353

98 297 193 321 versu
203 289 234 318 2.
251 297 283 328 p.
299 288 372 321 185.
393 293 425 318 et
439 287 484 329 τῷ·
497 288 577 329 δήμῳ
593 298 686 320 versu
701 291 733 320 4.

138 331 167 372 §.
184 330 229 372 ιζ’.
247 342 280 371 p.
300 333 372 362 185.
391 343 419 361 v.
434 343 505 371 pen.
522 332 715 374 ἀνεκήρυττεν]
739 333 820 372 Tay·

95 375 144 406 lor
173 375 291 406 mavult
326 375 548 416 ἀνεκηρύττοντο.
600 376 663 406 Sed
692 376 819 406 fallitur.

95 418 157 459 ipsi
173 418 218 448 illi
235 429 358 458 quoque
374 419 518 448 dicuntur
542 419 750 459 ἄνακηξύττειν,
767 419 819 458 qui

94 471 152 501 per
165 471 338 501 praeconem
361 466 468 492 curant
483 462 600 501 aliquid
617 463 818 501 promulgari.

94 515 126 535 v.
140 515 171 544 p.
192 507 265 535 187.
290 516 321 535 v.
346 515 415 545 peu.
461 505 521 534 Sed
551 511 692 545 superest
720 506 819 536 adhuc

94 548 273 586 scrupulus,
285 552 316 578 et
325 548 352 578 is
365 548 489 587 quidem
505 548 584 577 haud
597 549 689 588 paulo
700 548 817 579 durior.

95 591 181 628 Quid
197 596 243 621 est
259 591 426 631 γιγνομένων
442 591 600 631 τραγῳδῶν.
638 592 755 631 Ecquis
773 592 820 623 sio

91 634 251 673 loquitur?
275 635 450 675 Exspectes
463 633 631 674 γιγνομὲνων
645 637 700 676 γάρ
718 638 774 666 τῶν
793 634 820 665 ἐν

91 676 178 707 ἄστει
201 675 357 714 Διονυσίων,
373 678 520 718 τξαγῳδῶν
546 680 654 713 καινῶν,
671 679 819 719 (subaudi

90 719 232 751 εἶπόν-νων
245 721 284 754 εἷς
298 722 348 752 τὴν
364 723 472 756 σκηνὴν,
494 720 543 750 καὶ
568 723 609 751 τὰ
630 721 735 752 ἑαυτῶν
756 722 819 763 δρά-

91 774 182 803 ματα
197 763 410 804 διδασκόντων).
437 765 658 794 Verumtamen
688 765 821 795 recurrit

91 806 159 836 haec
180 807 276 837 dictio
301 818 331 846 p.
345 810 419 839 237.
436 818 467 838 v,
480 818 548 848 pen.
565 813 596 838 et
614 809 658 838 sic
683 809 819 848 quidem,

91 854 126 879 ut
151 850 192 880 de
213 850 394 881 sufficiendo
420 850 581 891 τςαγῳδιῶν
609 852 739 891 cogitari
766 863 820 882 ne-

91 897 196 932 queat,
219 895 302 933 quod
337 894 413 924 alias
444 895 686 926 tolerabiliorem
715 901 817 926 tamen

89 936 240 967 facturum
269 937 311 967 sit
337 937 517 974 dictionem,
542 940 665 969 tametsi
692 939 739 969 vel
770 939 817 969 sic

90 990 212 1018 quoque
237 981 312 1010 satis
336 981 413 1011 dura
440 986 472 1011 et
495 981 619 1011 insolita
645 982 686 1012 sit
709 983 818 1020 dictio,

89 1020 242 1061 γίγνεσθαι
272 1023 439 1064 τςοιγῳδίαν.
471 1026 680 1056 Numeremus
708 1026 814 1066 itaque

88 1065 149 1096 hoc
164 1067 194 1096 in
213 1066 396 1098 soloecismis
407 1067 578 1098 AEschinis.

132 1119 166 1148 p.
186 1113 258 1141 186.
275 1122 305 1141 v.
320 1112 350 1141 9.
373 1113 481 1142 πολλὴν
503 1112 588 1153 χάριν
609 1111 814 1155 καταθέμενοι]

87 1152 248 1183 Sententia
267 1155 415 1185 dictionis
434 1161 498 1185 est:
522 1155 659 1194 professi
676 1166 816 1196 magnam

89 1205 124 1225 se
139 1197 229 1226 vobis
245 1198 373 1236 gratiam
391 1203 422 1228 et
436 1199 551 1228 debere
571 1204 602 1234 et
618 1200 742 1235 habere,
762 1201 816 1229 be-

86 1239 250 1279 neficiique
266 1250 283 1269 a
303 1240 393 1270 vobis
410 1241 441 1270 in
460 1252 492 1270 se
508 1241 614 1270 collati
633 1238 814 1272 memoriam

86 1286 194 1312 sancte
212 1293 246 1312 se
262 1293 331 1313 esse
347 1288 537 1314 servaturos.
550 1285 649 1323 gratia
662 1286 746 1324 apud
759 1296 814 1315 nos

86 1323 176 1356 initia
197 1331 246 1356 est
263 1327 352 1366 quasi
374 1328 464 1357 arrha
480 1328 618 1367 quaedam
636 1329 707 1358 fidei
722 1329 815 1359 hone-

62 1376 69 1381 *
86 1369 237 1409 statisque
260 1375 374 1401 nostrae
389 1371 420 1400 in
443 1371 603 1401 reddenda
627 1372 681 1401 illa
703 1372 814 1411 gratia,

86 1422 156 1451 quae
171 1414 262 1443 arrha
278 1415 365 1444 velut
381 1415 413 1444 in
435 1425 505 1445 arca
528 1415 565 1444 ad
584 1415 678 1444 futuri
695 1420 814 1456 tempo-

85 1455 132 1485 ris
156 1466 247 1486 usum
285 1457 456 1497 reponitur,
496 1459 705 1497 expromenda
738 1465 813 1497 tum,

70 1509 178 1538 ,quum
196 1501 391 1540 oportunitas
409 1501 493 1532 venit
510 1501 616 1540 gratiae
632 1503 699 1541 pari
714 1503 814 1542 gratia

84 1543 266 1573 referendae.
289 1543 465 1575 κατατίθησι
479 1546 562 1586 χάριν
574 1545 614 1580 is,
629 1546 682 1585 qui
698 1547 810 1576 benefi-

85 1587 167 1616 cium
186 1588 317 1624 confert,
338 1593 370 1618 et
388 1598 444 1617 nos
464 1593 670 1628 promeretur.
686 1600 812 1619 κατατι-

85 1629 210 1668 θέμεθοι
225 1640 290 1666 nos,
301 1641 371 1661 cum
387 1631 524 1671 patimur
535 1642 592 1662 nos
606 1633 708 1662 ornari
720 1634 811 1663 bene-

85 1673 166 1709 ficio,
180 1675 262 1713 quod
273 1685 378 1704 sumus
391 1676 518 1705 memori
530 1680 633 1705 mente
646 1676 811 1713 condituri,

85 1725 142 1746 suo
158 1722 296 1756 tempore
311 1719 513 1748 reddendum.
530 1719 570 1748 ad
585 1719 723 1755 verbum,
738 1720 811 1749 sim·-

85 1769 152 1789 mus
161 1761 285 1790 arrham
299 1772 386 1801 penes
401 1772 453 1791 nos
468 1762 588 1801 deponi.
632 1764 704 1793 Pari
719 1764 811 1793 modo

84 1813 141 1832 nos
168 1814 291 1843 quoque
318 1805 413 1844 vulgo
429 1815 625 1844 usurpamus,
648 1805 728 1836 Ehre
743 1808 812 1837 oder

86 1844 191 1883 Dante,
205 1847 342 1878 Schamle
356 1848 426 1878 oder
445 1847 576 1878 Undank
597 1849 744 1890 einlegen,
768 1849 813 1890 [to

85 1892 169 1920 merit
182 1889 297 1921 honour
312 1901 346 1921 or
359 1890 477 1926 thinks,
493 1897 522 1921 to
534 1893 621 1922 mern
633 1893 767 1934 disgrace
780 1904 814 1923 or

84 1943 124 1963 no
138 1933 274 1975 thanks,]
298 1934 420 1965 laudem
441 1935 491 1966 vel
514 1936 664 1973 dedecus,
683 1936 812 1976 gratiam

85 1976 138 2007 vel
156 1977 260 2008 odium
276 1978 404 2010 mereri.

129 2019 155 2060 ᾗ.
171 2021 208 2051 ιῆ.
224 2031 256 2060 p.
273 2023 348 2051 187.
366 2033 394 2052 v.
409 2024 462 2054 13.
477 2020 580 2062 ψευδῆ]
605 2022 742 2054 Perinde
766 2029 814 2054 est

84 2066 189 2093 utrum
205 2065 243 2094 ad
258 2063 447 2105 κηςύγμοιτιι,
471 2075 507 2094 an
525 2066 563 2094 ad
578 2065 750 2107 φιλοτιμίαν
764 2078 814 2097 re-

85 2106 213 2136 feratur.
260 2108 423 2138 Praeconia
450 2109 528 2139 falsa
553 2114 624 2139 sunt
656 2111 813 2147 ementita,

86 2150 290 2187 emendicata,
323 2152 413 2182 malis
443 2151 564 2182 artibus
589 2157 620 2182 et
645 2154 814 2193 praestigiis

86 2194 229 2230 collecta,
245 2195 404 2234 precibus,
417 2196 526 2235 gratia.
539 2195 645 2232 minis,
658 2197 815 2237 pollicita-

85 2236 236 2275 tionibus,
248 2238 338 2268 donis
355 2243 443 2278 parta
459 2245 511 2268 aut
526 2243 661 2270 extorta.

129 2280 206 2311 ibid.
222 2292 252 2311 v.
270 2284 322 2312 14.
337 2282 465 2317 ἀπούσης
476 2282 592 2324 Βουλῆς]
616 2285 686 2313 Νοη
700 2288 749 2314 est
760 2285 813 2315 ab·

88 2328 175 2354 sente
191 2329 310 2361 senatu,
327 2327 384 2357 sed
399 2326 551 2362 detracto,
564 2327 707 2365 excluso,
724 2338 741 2357 e
757 2338 813 2358 nu-

85 2375 175 2397 mero
195 2373 320 2398 exemto
346 2374 378 2399 et
402 2374 531 2400 remoto.
550 2380 579 2400 v.
595 2381 627 2410 p.
641 2373 715 2401 200.
732 2383 762 2402 v.
781 2375 813 2402 1.

87 2409 214 2445 ἅπούσης
230 2410 424 2454 συμμαχίας.
449 2413 518 2443 Sine
538 2415 629 2444 sociis.
653 2415 705 2445 lex
728 2420 813 2446 vetat

86 2463 271 2493 quemquam
302 2466 431 2495 usquam
460 2457 621 2495 coronari;
644 2457 704 2487 nisi
735 2458 772 2499 1)
795 2469 813 2488 a

87 2502 195 2527 senatu
211 2498 244 2527 in
265 2499 363 2529 curia.
387 2499 423 2541 2)
444 2510 462 2529 a
483 2500 574 2540 plebe
595 2501 625 2530 in
652 2502 812 2532 concione.

87 2538 126 2580 3)
141 2550 160 2570 a
182 2541 348 2572 tribulibus
371 2547 404 2572 et
429 2543 598 2573 curialibus
623 2544 654 2573 in
680 2545 812 2581 theatro,

87 2583 142 2612 sed
167 2593 265 2614 vacuo
290 2596 308 2615 a
329 2585 413 2616 ludis
443 2591 475 2616 et
500 2587 711 2617 histrionibus.
756 2589 814 2618 Est

85 2623 181 2665 igitur
205 2627 334 2663 ἀπούσης·
355 2630 407 2659 hic
424 2631 603 2661 tantundem
620 2635 713 2670 atque
734 2642 812 2672 prae-

87 2673 217 2710 tei-quum
235 2682 265 2701 u.

130 2723 162 2752 p.
180 2715 255 2745 188.
269 2724 299 2744 v.
312 2717 342 2745 1.
358 2714 522 2757 γεγένηται]
541 2717 678 2747 Decreto
697 2718 813 2748 sancita

87 2759 146 2785 est.
162 2757 219 2786 sed
238 2758 361 2796 praetuli
386 2757 504 2797 γίνεται.
533 2761 683 2792 vocabulo
712 2761 813 2792 καθιέ-

86 2809 170 2838 ρωσις
180 2800 343 2830 articulum
359 2802 374 2832 ἦ
388 2803 520 2840 praefixi.
721 2799 730 2818 ¹*

131 2841 209 2872 ibid.
225 2854 255 2873 v.
268 2845 320 2873 18.
345 2844 514 2886 ὑποβαλεῖν]
540 2846 576 2876 In
594 2847 717 2877 schedis
733 2848 813 2887 Tay-

84 2882 132 2914 lor
147 2891 356 2922 annotaverint,
372 2890 549 2928 exemplum
572 2890 657 2920 Mori
682 2891 814 2924 ὑποβάλ-

86 2929 229 2960 >sundere
251 2940 309 2969 pro
326 2931 453 2971 vulgato
476 2932 639 2965 ὑποβαλεῖν.
665 2934 696 2963 ln
719 2935 812 2964 alter-

86 2973 159 3000 utro
175 2981 303 3003 necesse
319 2978 368 3003 est
384 2984 517 3005 errorem
530 2981 562 3006 et
578 2977 688 3006 calami
704 2983 736 3007 et
749 2988 813 3008 rne-

87 3013 195 3044 moriae
225 3015 432 3049 intervenisse
438 3028 448 3058 ;
485 3020 641 3051 memoriae
674 3020 813 3060 quidem,

124 3065 206 3090 vor..
225 3069 247 3089 r.

854 300 885 320 v.
898 291 951 320 20.
967 287 1020 318 ubi
1037 287 1080 318 ait
1093 288 1180 318 illum
1195 289 1344 326 codicem,
1361 289 1472 322 infimae
1487 296 1580 330 notae,

854 343 924 363 voc.
942 332 1125 364 ὑποβάλλειν
1150 332 1292 370 ingerere
1319 339 1391 372 post
1415 344 1484 366 voc.
1507 336 1582 367 affin-

854 377 933 412 ναῖοι,
963 375 1073 405 calami
1104 379 1205 405 autem
1234 376 1265 405 in
1298 378 1434 413 schedis,
1464 379 1518 408 ubi
1539 380 1582 409 ait

855 419 1005 458 scriptum
1027 419 1069 448 ibi
1099 429 1167 448 esse
1192 417 1370 456 ἑποέάλλων,
1386 432 1445 451 non
1470 422 1516 451 sic
1537 422 1581 453 ibi

854 463 924 497 fuit,
936 463 991 492 sed
1002 460 1171 497 ὑποξάλλει,
1180 461 1211 490 in
1224 462 1392 493 indicativo
1405 465 1581 503 praesentis,

854 506 908 544 qui
924 507 1028 545 utique
1044 505 1155 535 melius
1171 505 1241 534 loco
1251 506 1410 544 convenit,
1427 518 1517 547 quam
1534 509 1580 538 in-

854 549 929 579 finit.
947 560 1009 579 aor.
1027 559 1090 578 sec.

895 592 972 622 ibid.
989 603 1019 622 v.
1036 597 1178 632 antepen.
1202 589 1227 627 δ’,
1242 591 1288 632 τι]
1309 591 1442 623 Videtur
1457 593 1486 623 in
1504 594 1582 625 vitio

853 636 978 665 cubare.
1015 635 1177 665 Sententia
1192 636 1329 674 postulat
1342 634 1375 664 τὸ
1391 638 1445 676 γᾶς
1463 643 1581 667 ΑΛΛΟ-

854 685 891 709 ΘΙ
922 684 969 709 ΔΕ
992 684 1184 710 ΜΗΔΑΜΟΎ
1208 677 1259 713 ἕως
1281 680 1336 707 σῶν
1357 677 1435 715 ἐστὶ,
1458 685 1509 710 aut
1531 679 1582 714 ἕως

852 721 966 752 ἔνεστιν.
983 723 1048 752 scil.
1062 721 1088 752 ἐν
1103 722 1144 760 τῷ
1160 721 1243 760 νόμῳ,
1266 722 1319 751 illa
1334 728 1433 752 autem
1440 722 1583 763 formula

853 766 1066 804 NUSQUAM
1085 766 1239 796 AUTEM
1253 766 1375 795 ALIBI
1399 766 1488 796 donec
1503 767 1585 797 salva

853 815 906 844 est.
931 814 995 845 aut,
1012 810 1104 838 donec
1120 810 1152 838 in
1170 809 1282 849 legibus
1297 811 1410 848 scripta
1422 814 1523 840 exstat.

897 852 924 892 ἑ.
939 851 975 882 κ’.
993 863 1027 892 p.
1042 854 1116 883 189.
1131 862 1163 882 V.
1180 854 1232 883 19.
1255 851 1326 893 μὲν]
1351 853 1437 882 Huic
1449 862 1581 893 respon-

853 895 907 926 det
923 895 951 925 δὲ
968 907 998 934 p.
1018 898 1092 928 191.
1108 906 1139 925 v.
1155 897 1186 926 3.

895 940 922 980 §.
940 940 990 969 κά.
1014 950 1047 979 p.
1064 940 1140 969 191.
1167 949 1198 969 v.
1219 938 1275 968 ult.
1300 937 1458 979 προείδητε]
1496 938 1581 969 Dedi

852 981 1006 1023 πςοειδῆτε,
1031 986 1063 1012 et
1085 992 1204 1012 comma
1222 983 1314 1022 posui
1338 987 1408 1021 post
1428 981 1579 1022 ἀποκρίνου·

851 1037 922 1066 μαι,
936 1027 990 1066 qui
1007 1025 1235 1065 conjunctivuS,
1252 1026 1330 1055 haud
1352 1025 1581 1062 sollicitandus,

851 1074 943 1108 aptus
959 1075 1006 1099 est
1023 1080 1040 1099 e
1052 1069 1194 1109 proxima
1209 1068 1262 1099 iim.
1279 1079 1349 1098 nam
1363 1069 1511 1108 apedosis
1523 1079 1580 1109 pe-

850 1113 932 1142 riodi
949 1113 1060 1152 incipit
1074 1114 1111 1142 ab
1126 1111 1253 1148 ἐναντίον,
1277 1123 1344 1142 cnm
1362 1123 1424 1152 quo
1444 1113 1581 1143 cohaeret

851 1154 1044 1196 ἀποκρίνομαι
1069 1156 1098 1185 in
1115 1155 1284 1185 indicativo
1300 1166 1393 1186 versu
1407 1158 1438 1186 5.
1456 1167 1487 1195 p.
1503 1158 1580 1187 192.

851 1200 951 1228 tribus
969 1200 1009 1228 de
1033 1199 1136 1228 causis
1160 1199 1203 1228 ait
1224 1210 1258 1228 se
1280 1209 1513 1238 responsurum.
1539 1198 1578 1240 1)

850 1251 888 1271 ne
907 1243 1133 1272 Demosthenes
1151 1242 1242 1271 nimis
1264 1242 1391 1271 ferociat
1408 1247 1501 1281 atque
1523 1253 1579 1272 ex-

850 1285 957 1321 sultet,
979 1290 1228 1324 argumentorum
1247 1296 1371 1315 suorum
1389 1286 1500 1315 robore
1516 1286 1580 1316 fre-

850 1332 912 1358 tus.
935 1327 973 1369 2)
989 1334 1023 1358 ut
1047 1329 1206 1358 auditores
1227 1328 1408 1369 praemuniat
1432 1329 1581 1359 adversus

850 1372 1016 1402 calumnias
1043 1378 1073 1402 et
1098 1372 1312 1402 cavillationes
1337 1372 1520 1402 adversarii.
1543 1372 1581 1414 3)

849 1419 885 1445 ut
905 1415 1058 1445 dedecore
1082 1415 1197 1445 silentii
1213 1420 1244 1445 et
1260 1415 1436 1454 suspicione
1452 1426 1485 1445 se
1500 1416 1579 1446 libe-

849 1463 907 1494 ret,
924 1458 1080 1488 nonnullis
1096 1459 1224 1488 forsitan
1241 1459 1408 1495 iusessnra,
1430 1470 1466 1489 ac
1483 1459 1520 1495 si,
1546 1459 1579 1490 vi

849 1501 989 1532 veritatis
1021 1502 1134 1537 victus,
1161 1512 1221 1532 non
1244 1502 1286 1531 sit
1313 1512 1419 1538 ausus,
1439 1507 1491 1532 aut
1516 1513 1578 1532 non

847 1546 1004 1585 potuisset
1021 1545 1191 1575 adversarii
1205 1545 1385 1575 criminibus
1401 1556 1576 1576 occurrere.

891 1599 923 1628 p.
941 1591 1015 1621 192.
1037 1599 1067 1618 v.
1083 1592 1112 1620 Ξ.
1138 1589 1334 1629 ωεξιεσ-τᾶσι]
1360 1589 1446 1618 Bene
1472 1589 1576 1619 habet.

845 1637 1045 1671 corrumpunt
1058 1632 1158 1662 locum
1172 1642 1289 1668 sanum,
1300 1633 1480 1672 Graecaeque
1492 1643 1579 1662 suam

846 1677 981 1715 produnt
995 1675 1151 1705 inscitiam
1176 1675 1397 1714 grammaticae,
1414 1676 1465 1715 qui
1489 1686 1575 1717 weyt-

845 1720 941 1749 στΞίσι
957 1719 1041 1755 dant,
1059 1720 1142 1758 quod
1159 1721 1196 1748 ab
1211 1719 1348 1748 hocloco
1365 1725 1412 1748 est
1424 1719 1578 1749 alienissi-

846 1773 941 1792 mum.
977 1763 1044 1802 Ego
1061 1773 1136 1792 vero
1154 1762 1264 1792 vitium
1286 1763 1355 1798 hoc,
1372 1773 1430 1791 non
1446 1762 1576 1798 Wolfio,

847 1806 914 1836 viro
932 1807 1051 1835 Graecae
1066 1806 1281 1845 grammatices
1297 1806 1501 1844 peritissimo,
1517 1807 1573 1836 sed

847 1849 951 1887 operis
968 1850 1201 1879 Basileensibus
1218 1849 1349 1888 imputo.
1371 1850 1512 1886 Quorum
1530 1860 1579 1879 er-

847 1903 947 1922 rorem
965 1903 1024 1922 non
1043 1903 1225 1934 propagare,
1249 1892 1303 1922 sed
1320 1892 1430 1922 tollere
1447 1893 1577 1923 decebat

847 1937 1026 1975 Taylorum.

892 1980 968 2009 ibid.
987 1991 1017 2008 v.
1042 1980 1094 2009 12.
1119 1978 1293 2020 πράγμασι]
1325 1980 1461 2015 Tuebor,
1488 1980 1575 2018 quod

847 2028 979 2061 utroque
996 2023 1087 2052 modo
1104 2023 1175 2052 huic
1192 2023 1262 2052 loco
1279 2022 1356 2052 satis
1374 2023 1450 2052 bene
1464 2033 1579 2053 conve-

848 2066 905 2102 nit,
919 2067 985 2095 sive
1003 2066 1187 2105 simpliciter
1203 2071 1234 2095 et
1251 2069 1400 2095 consueto
1416 2066 1508 2095 modo
1520 2076 1578 2105 pro

848 2110 934 2139 rebus
949 2110 1090 2139 absolute
1107 2109 1287 2148 accipiatur,
1306 2109 1373 2138 sive
1396 2109 1522 2148 proprie
1547 2114 1578 2140 et

849 2154 991 2183 restricte
1009 2153 1048 2182 de
1065 2152 1199 2182 turbidis
1216 2156 1307 2191 atque
1325 2151 1476 2181 adversis.

892 2196 969 2226 ibid.
991 2194 1204 2237 χξησαμένους]
1238 2196 1334 2225 Addit
1352 2196 1441 2225 Bern.
1467 2193 1575 2235 ἀιθςῶ-

849 2250 936 2275 ωους,
961 2250 1022 2279 quo
1039 2239 1159 2269 scilicet
1175 2244 1259 2269 tanto
1276 2239 1390 2269 clarius
1415 2239 1443 2268 in
1469 2239 1576 2268 oculos

850 2283 1020 2313 incurreret
1037 2283 1195 2323 oppositio
1212 2283 1338 2312 deorum
1360 2293 1428 2312 cum
1445 2281 1579 2311 homiui-

848 2327 922 2357 bus:
949 2327 1038 2366 quasi
1054 2327 1224 2356 verendum
1241 2327 1294 2363 sit,
1310 2337 1347 2356 ne
1363 2336 1455 2365 quem
1472 2335 1508 2355 ea
1530 2326 1578 2355 fu-

848 2376 936 2410 geret
948 2381 1007 2400 nou
1021 2370 1223 2400 admonitum.

890 2414 917 2453 ᾧ.
946 2413 1004 2446 κΒ’.
1028 2424 1059 2453 p.
1089 2415 1161 2444 19⁶2.
1190 2424 1219 2443 v.
1251 2418 1393 2453 antepen.
1420 2411 1578 2453 περιμεῖναι

846 2457 917 2497 τὰς]
943 2459 1010 2487 Irno
1024 2468 1098 2487 vero
1108 2455 1340 2498 περιμείναντας.
1357 2455 1506 2486 facillime
1521 2466 1579 2494 po-

847 2501 908 2530 tuit
934 2501 1072 2531 clausula
1092 2501 1235 2530 vocabuli
1268 2499 1300 2529 in
1323 2509 1473 2529 concursu
1509 2508 1579 2528 cum

847 2544 979 2574 articulo
1006 2546 1061 2578 τὰς
1082 2544 1280 2574 intercidere.
1327 2543 1413 2573 Alias
1429 2541 1581 2581 pendebit

846 2588 1025 2629 μετασχεῖν.
1050 2587 1134 2617 Illud
1160 2592 1274 2621 autem,
1297 2587 1380 2625 quod
1399 2585 1527 2621 suadeo,
1552 2585 1579 2615 si

847 2631 1018 2667 adsciscas,
1035 2631 1205 2660 cohaerebit
1227 2640 1295 2659 cum
1317 2630 1495 2670 μετασχεῖν.
1543 2628 1578 2658 Si

848 2674 901 2713 qui
926 2685 982 2704 vos
1007 2675 1167 2709 sivissent,
1199 2674 1410 2712 exspectando
1442 2672 1577 2702 reditum

848 2718 1021 2757 legatorum
1036 2735 1079 2740 ——
1093 2717 1280 2757 participare
1305 2726 1484 2745 consessum
1509 2715 1577 2745 uni-

848 2772 946 2791 versae
963 2761 1107 2795 Graeciae,
1119 2761 1148 2789 h.
1161 2771 1188 2790 e.
1208 2770 1224 2790 e
1242 2759 1381 2789 consiliis
1398 2760 1576 2789 Graecarum

848 2805 1009 2834 civitatum
1035 2805 1167 2833 fructum
1195 2803 1370 2842 percipere.
1419 2803 1520 2832 Recte
1544 2802 1575 2832 in

847 2847 983 2877 editione
1009 2847 1122 2878 Wolfii
1147 2857 1266 2875 comma
1288 2845 1424 2875 cernitur
1447 2849 1520 2884 post
1545 2856 1575 2875 v.

848 2889 997 2921 Φίλιππον.
1022 2891 1102 2929 quod
1131 2889 1219 2918 abest
1240 2890 1276 2918 ab
1301 2889 1350 2919 ed.
1371 2889 1479 2928 steph.
1495 2899 1526 2919 v,
1542 2899 1574 2929 p.

848 2936 922 2966 196.
940 2944 969 2963 v.
987 2936 1016 2964 9.
1029 2938 1059 2963 et
1077 2943 1107 2972 ρ.
1124 2936 1195 2965 198.
1212 2943 1243 2962 v.
1261 2932 1293 2963 5.

890 2987 921 3016 p.
941 2979 1014 3008 193.
1031 2987 1060 3006 v.
1077 2978 1129 3006 10.
1145 2977 1226 3006 κατὰ
1242 2977 1297 3004 τῶν
1309 2975 1472 3017 λογισμῶν]
1494 2976 1576 3005 Bene

848 3021 950 3051 habet.
965 3021 1045 3050 κατὰ
1058 3019 1108 3051 hic
1125 3019 1199 3056 loci,
1213 3019 1344 3059 perinde
1357 3025 1417 3057 est,
1433 3020 1499 3050 sive
1516 3028 1573 3057 pro

847 3065 866 3093 Q
884 3074 899 3093 7.
