1981 3322
521 175 605 219 DE
635 171 922 217 AESCHINE
954 173 1263 216 ORATORE.
1529 172 1634 215 xxix

162 287 228 325 bet
247 290 391 332 orator,
411 297 485 323 nec
504 283 618 323 nimis
642 282 820 321 studiose
840 283 1039 320 affectare.
1101 279 1302 319 Dissoluta
1331 278 1432 316 enim
1454 278 1579 317 oratio
1599 285 1641 317 et

159 347 311 387 divulsa
331 353 370 385 et
388 346 499 385 hians
519 358 597 384 non
619 346 743 383 solum
760 344 919 382 auribus
940 343 1101 381 moleste
1117 340 1279 386 accidit,
1296 353 1430 378 verum
1447 341 1564 378 etiam
1581 340 1641 379 in-

159 410 361 449 tellectum
382 416 420 447 et
439 407 763 460 perspicuitatem
783 406 930 444 turbat.
986 405 1118 442 Nimia
1139 417 1231 442 vero
1252 401 1498 441 concinnitas
1518 409 1556 441 et
1579 416 1642 440 vo-

158 474 322 525 luptatis
342 472 572 522 auriumque
589 475 771 521 apertum
786 457 1000 518 aucupium
1014 473 1137 505 artem
1155 465 1303 517 prodit,
1320 465 1641 515 probabilitatem

161 535 342 587 impedit,
363 532 526 573 oratoris
548 532 586 570 in
607 531 768 570 minutis
791 531 908 569 rebus
928 530 1079 581 puerile
1102 529 1274 567 studium
1302 528 1439 578 culpat
1459 527 1642 565 taedium-

163 612 240 649 que
255 596 498 636 auditoribus
513 594 642 634 affert.
699 594 813 631 Hanc
833 591 1083 644 quorundam
1100 591 1316 629 vanitatem
1332 590 1386 628 ita
1401 603 1472 641 per
1488 602 1642 628 omnem

162 661 378 699 orationem
398 656 604 696 AEschines
626 655 778 700 vitavit,
801 661 845 693 ut
865 654 971 705 apud
992 667 1081 692 eum
1099 666 1176 691 non
1198 652 1367 703 quaesita
1387 658 1427 691 et
1445 657 1584 704 aperta
1603 657 1644 690 et

160 720 380 769 immodica,
401 719 469 758 sed
489 725 595 765 nata,
616 717 821 756 moderata
841 722 882 754 et
905 716 1032 754 celata
1060 716 1181 753 lateat
1202 714 1463 753 concinnitas.
1522 715 1642 752 Com-

160 783 269 835 paria
288 796 378 821 vero
396 788 438 821 et
463 782 651 834 opposita
674 780 931 830 similiterque
951 779 1141 818 conclusa
1160 784 1201 817 et
1220 778 1402 817 cadentia
1427 784 1467 816 et
1487 791 1643 816 omnem

158 845 266 884 illam
295 844 595 896 supellectilem,
627 843 678 882 ad
708 842 1012 881 ostentationem
1041 840 1175 892 magis,
1205 854 1325 892 quam
1355 840 1405 879 ad
1435 840 1642 878 utilitatem

160 912 443 958 comparatam,
460 906 643 945 consulto
661 905 846 956 neglexit.
905 904 1089 942 Alienum
1106 903 1210 942 enim
1226 917 1249 942 a
1265 903 1478 942 certamine
1494 916 1589 941 vero
1605 908 1646 941 et

160 971 200 1010 in
229 971 371 1023 capitis
399 970 577 1023 periculo
607 970 731 1021 turpis
762 974 824 1007 est
851 968 1062 1006 verborum
1091 969 1199 1007 lusus
1229 973 1270 1006 et
1300 967 1538 1019 argutiarum
1567 971 1647 1004 stu-

160 1033 282 1073 dium.
319 1034 382 1072 Ne
397 1047 490 1073 vero
510 1039 614 1073 esset
633 1032 829 1072 fluctuans
845 1036 885 1069 et
904 1031 1139 1083 confragosa
1153 1030 1292 1076 oratio,
1306 1031 1508 1069 literarum
1529 1043 1644 1080 aspe-

161 1109 246 1135 rum
278 1109 515 1135 concursum
545 1102 587 1134 et
617 1094 836 1145 strepitum,
857 1093 1052 1131 vocalium
1081 1093 1231 1131 hiatum
1252 1098 1293 1130 et
1318 1092 1566 1142 frequentem
1588 1090 1646 1128 vi-

160 1158 364 1197 cinitatem
382 1159 499 1206 cavit,
517 1164 559 1198 et
576 1158 725 1209 ubique
746 1155 919 1195 lenitatis
941 1162 980 1195 et
999 1158 1192 1204 λειότητος
1212 1156 1365 1194 aurium
1390 1153 1546 1204 judicio
1576 1167 1646 1192 cu-

160 1233 244 1260 ram
262 1222 394 1272 gessit.
436 1222 552 1260 Hanc
569 1220 673 1259 enim
693 1232 852 1258 causam
873 1233 960 1257 esse
975 1218 1129 1269 judico,
1152 1231 1224 1257 cur
1243 1217 1330 1269 ejus
1350 1216 1549 1255 orationes
1566 1222 1647 1254 tam

156 1283 350 1334 jucundae
369 1284 447 1322 sint
466 1283 705 1335 legentibus,
727 1281 907 1333 quamvis
928 1294 1006 1319 non
1027 1282 1218 1333 ignorem,
1243 1280 1424 1331 gratiam,
1447 1291 1538 1330 quae
1558 1277 1648 1316 fusa

161 1351 222 1385 est
238 1359 310 1398 per
326 1352 447 1386 totam
465 1344 696 1394 orationem,
717 1347 819 1385 hanc
839 1345 1029 1396 imprimis
1050 1345 1126 1384 sibi
1147 1344 1304 1383 laudem
1320 1343 1538 1382 vindicare.
1582 1341 1647 1380 Fi-

161 1422 359 1460 gurarum,
375 1409 426 1463 de
447 1410 592 1461 quibus
613 1409 677 1448 vix
694 1415 753 1448 est
774 1422 876 1460 opus
897 1407 1045 1453 dicere,
1069 1407 1206 1446 eadem
1227 1414 1288 1445 est
1310 1406 1424 1445 ratio.
1482 1406 1520 1443 Si
1542 1404 1646 1443 enim

160 1471 200 1510 in
215 1478 395 1524 tempore
411 1478 451 1511 et
466 1486 585 1524 parce
597 1472 874 1519 adhibeantur,
886 1470 1104 1510 orationem
1118 1470 1317 1508 illustrant
1330 1476 1370 1507 et
1384 1468 1647 1518 distinguunt,

162 1539 342 1572 ornatum
372 1534 590 1580 declarant,
612 1533 795 1573 suavitati
815 1533 1033 1571 inserviunt
1054 1538 1095 1569 et
1116 1530 1319 1570 sententiis
1341 1529 1461 1568 robur
1482 1529 1648 1567 addunt.

163 1595 294 1646 Hujus
315 1596 470 1646 generis
490 1602 550 1634 est
576 1595 797 1647 praeteritio
817 1597 865 1642 (κ.
886 1595 1052 1647 Κτησιφ.
1073 1598 1104 1641 ξ.
1128 1594 1186 1642 κ’.)
1208 1596 1240 1632 τί
1262 1596 1338 1644 γάρ
1360 1591 1412 1630 δεῖ
1438 1596 1505 1631 νῦν
1530 1599 1650 1629 ταῦτα

163 1659 292 1707 λέγειν
307 1665 385 1698 etc.
403 1658 625 1709 asyndeton
638 1657 752 1707 (ibid.
769 1664 800 1707 ξ.
814 1658 877 1704 ἐξ.
892 1656 979 1705 fin.)
996 1657 1165 1698 κλέπτεις
1184 1660 1254 1700 τὴν
1271 1656 1444 1707 (ἰκρόασι,
1461 1654 1649 1705 polysyn-

164 1722 284 1760 deton
303 1722 543 1774 (xsTqac'tpx.
572 1730 604 1773 ξ.
632 1721 716 1769 ιβ’.)
744 1723 805 1758 καὶ
825 1724 875 1771 μὴ
895 1722 1014 1770 μόνον
1042 1725 1118 1757 etc.
1140 1719 1341 1769 anaphora
1361 1721 1408 1766 (κ.
1430 1719 1596 1771 Κτησιφ.
1617 1727 1650 1771 ξ.

163 1786 218 1832 ξὴ.
240 1783 329 1834 fin.)
349 1785 409 1823 ἐπὶ
429 1784 568 1823 σαυτὸν
588 1786 716 1826 καλεῖς
737 1786 814 1820 etc.
836 1781 1114 1819 sermocinatio
1133 1781 1182 1832 (κ.
1208 1781 1380 1837 Τιμάρχ.
1402 1781 1434 1825 53.
1456 1781 1512 1826 ιζ’.
1534 1780 1655 1828 med.)

164 1845 268 1887 ’ἐστιν
288 1846 354 1887 οὖν
373 1850 396 1895 ἢ
414 1847 560 1900 μάρτυς
579 1853 655 1885 etc.
678 1858 768 1897 quae
790 1845 928 1897 figurae
948 1844 1000 1883 ab
1021 1844 1214 1882 AEschine
1243 1857 1378 1883 omnes
1401 1845 1438 1881 in
1459 1849 1653 1895 tempore,

166 1909 395 1962 utiliterque
416 1915 508 1949 sunt
526 1909 734 1948 adhibitae.

729 2054 903 2098 SECT.
937 2055 1086 2098 XIII.

545 2149 611 2188 De
631 2150 746 2188 vitiis
765 2146 998 2201 quibusdam
1019 2147 1267 2186 elocutionis.

222 2227 301 2267 Sed
322 2227 387 2267 hic
408 2232 541 2267 tantus
570 2233 716 2275 orator,
738 2227 806 2279 qui
828 2227 975 2276 ubique
1002 2238 1274 2277 personarum,
1295 2238 1423 2263 rerum
1448 2230 1488 2263 et
1517 2224 1649 2264 decori

167 2289 306 2328 habuit
331 2288 536 2337 rationem,
559 2290 629 2341 qui
657 2289 789 2328 tenuia
821 2288 1005 2335 tenuiter,
1034 2287 1253 2326 mediocria
1280 2286 1493 2334 moderate,
1520 2287 1654 2338 gravia

168 2352 387 2392 sublimiter
406 2352 533 2399 dixit3
565 2354 597 2391 is
617 2358 749 2391 tamen
771 2352 808 2390 in
831 2351 1072 2402 quibusdam
1094 2350 1194 2388 locis
1216 2350 1276 2388 sui
1296 2356 1358 2389 est
1374 2349 1599 2388 dissimilior
1615 2355 1654 2387 et

168 2414 313 2467 ingenii
332 2415 470 2455 fraude
491 2429 531 2454 se
551 2416 699 2454 abduci
722 2428 859 2467 passus
881 2419 941 2453 est
960 2414 1009 2452 ad
1031 2413 1221 2465 puerilem
1242 2413 1384 2452 lusum.
1427 2413 1528 2456 Quis
1549 2412 1653 2450 enim

169 2490 261 2516 eum
277 2477 391 2525 ferat,
409 2491 500 2518 cum
520 2477 618 2516 dicit
638 2478 688 2516 de
706 2477 988 2523 Demosthene,
1005 2477 1076 2527 qui
1098 2476 1150 2514 ob
1175 2476 1310 2526 plagas
1330 2488 1353 2513 a
1374 2474 1500 2513 Midia
1522 2474 1652 2525 capite

169 2546 355 2592 acceptas
375 2540 582 2592 pecuniam
600 2547 823 2591 acceperat,
844 2542 892 2588 (κ.
910 2543 1070 2591 Κτησιφ.
1087 2541 1118 2586 ξ.
1135 2538 1197 2577 03'.
1215 2538 1302 2588 fin.)
1320 2540 1362 2576 οὐ
1381 2539 1561 2588 κεφαλὴν,
1582 2538 1654 2574 α’λ-

167 2604 224 2642 Ro?
243 2603 429 2655 πρόσοδον
448 2603 639 2651 κέκτηταιῗ
669 2603 770 2647 Quae
791 2603 895 2641 enim
916 2601 1132 2641 similitudo
1155 2601 1259 2640 inter
1277 2602 1445 2654 κεφαλὴν
1461 2605 1500 2637 et
1519 2601 1657 2651 πρόσο-

169 2663 264 2705 δονῒ
293 2666 393 2711 Quis
415 2679 533 2718 porro
555 2679 635 2704 non
660 2665 815 2718 frigoris
836 2671 1010 2711 accuset,
1031 2677 1121 2703 cum
1149 2664 1318 2702 eundem
1347 2662 1654 2702 Demosthenem

172 2728 347 2778 appellat
364 2728 630 2781 (ibid-§.6010
649 2731 795 2784 λῃστὴν
813 2728 1052 2780 πραγμάτων
1070 2728 1127 2765 ἐπ’
1154 2726 1352 2778 ὀνομάτων
1379 2726 1442 2764 διά
1463 2732 1529 2772 τῆς
1548 2728 1657 2763 πολι-

171 2791 272 2832 τείας
291 2790 486 2830 πλέονταῗ
513 2793 656 2847 λῃστὴν
675 2791 914 2843 πραγμάτων
934 2790 1158 2842 gravissime
1179 2789 1290 2827 dixit.
1350 2788 1535 2839 Reliqua,
1563 2788 1658 2838 quia

174 2857 266 2889 sunt
289 2852 494 2893 dissimilia
521 2861 561 2893 et
590 2868 746 2894 sensum
777 2868 856 2893 non
884 2855 1044 2902 habent,
1065 2854 1223 2905 frigent.
1282 2853 1383 2897 Quis
1403 2853 1505 2891 enim
1526 2852 1656 2890 verbis

173 2917 359 2964 tanquam
379 2917 468 2955 navi
492 2921 640 2964 utatur,
660 2922 729 2955 aut
747 2917 835 2968 quis
856 2930 928 2968 per
945 2916 1144 2955 civitatem
1164 2921 1354 2967 tanquam
1374 2929 1446 2967 per
1466 2928 1570 2953 mare
1589 2927 1658 2953 ua-

173 2974 303 3025 vigare
317 2977 471 3028 possit‘e
501 2981 555 3018 At
571 2980 692 3019 risum
713 2985 876 3032 captare
897 2979 1032 3019 voluit.
1089 2979 1235 3019 Audio.
1293 2980 1397 3019 Puto
1414 2993 1506 3019 sane
1523 2993 1544 3018 e
1561 2992 1657 3018 nau-
