1916 3340
317 204 401 246 372
680 197 996 241 PRAEFATIO
1031 199 1115 240 AD
1149 197 1410 240 SCHOLIA

318 310 540 355 laudarunt,
562 321 726 360 eumque
756 309 820 347 edi
845 322 885 346 se
904 307 1004 346 velle
1034 320 1116 358 prae
1138 321 1178 346 se
1199 307 1385 346 tulerunt.
1443 303 1524 349 Qui
1550 303 1692 354 judicii
1712 303 1772 342 sui

318 386 405 411 cum
427 371 542 409 fidem
563 371 826 415 sustinebunt,
849 376 930 407 tum
963 383 1092 419 operae
1118 382 1141 406 a
1169 382 1230 406 me
1259 368 1298 406 in
1325 381 1372 405 eo
1403 366 1558 404 edendo
1580 374 1774 416 susceptae

318 434 508 472 vindicias
534 434 791 484 praestabunt.
847 431 1071 469 Cernebant
1091 431 1239 469 scilicet
1259 430 1330 468 viri
1350 429 1405 467 illi
1426 428 1534 467 docti
1554 441 1687 479 sparsa
1706 440 1777 478 per

319 497 423 534 hunc
445 496 699 533 Scholiastam
720 495 802 532 auri
822 492 1004 544 quaedam
1024 499 1213 538 ramenta,
1230 505 1276 529 ex
1295 490 1369 529 illis
1390 489 1659 528 vetustissimis
1679 494 1777 527 tem-

319 559 479 609 poribus
500 560 701 607 Angusteo
715 569 797 593 aevo
819 555 917 593 ultro
933 555 1079 593 citrove
1101 554 1286 603 finitimis,
1306 553 1440 591 nescio
1460 565 1538 602 quo
1557 565 1663 598 casu,
1685 563 1777 589 con-

320 621 508 658 servata*
547 620 647 663 Quae
668 631 769 662 cum,
787 624 830 655 ut
850 630 919 667 par
938 623 1036 662 erat,
1055 616 1285 654 mirarentur
1303 622 1421 666 atque
1437 615 1779 665 amplecterentur,

313 682 454 732 judicii
478 681 642 732 quadam
666 679 909 717 festinatione
924 679 1070 728 reliqua
1091 691 1251 728 quoqne
1269 677 1398 715 omnia
1418 675 1476 713 his
1497 675 1592 713 raris
1608 681 1647 713 et
1666 673 1780 712 facile

317 744 565 782 numerandis
586 741 808 792 fragmentis
830 741 966 778 similia
988 754 1071 778 esse
1094 739 1394 790 suspicabantur
1413 738 1533 788 magis
1553 743 1671 787 atque
1693 749 1781 787 spe-

317 806 472 850 rabant,
501 817 615 853 quam
647 809 755 840 certo
785 801 976 840 sciebant.
1035 802 1085 839 Et
1106 801 1220 839 valde
1246 813 1396 846 vereor,
1427 813 1474 837 ne
1501 799 1609 837 brevi
1638 798 1718 844 fiat,
1741 802 1784 835 ut

319 868 477 906 exsistat
503 865 561 902 vir
587 865 742 911 doctus,
765 864 1071 902 Scholiastarum
1097 869 1136 901 et
1166 862 1547 912 Lexicographorum
1569 860 1782 905 familiaris,

320 929 388 980 qui
408 929 470 966 illa
491 928 575 978 ipsa
606 927 764 972 decora,
787 939 875 976 quae
898 939 999 963 nunc
1027 924 1187 976 propria
1212 930 1346 962 nostro
1367 922 1617 969 Scholiastae‚
1636 922 1783 960 indicta

317 985 445 1029 adhuc
468 996 506 1027 et
526 989 701 1039 ignorata
721 1001 894 1038 prorsus,
914 994 953 1025 et
972 1001 1162 1038 nusquam
1189 986 1365 1024 locorum
1394 983 1630 1035 reperiunda
1657 983 1783 1022 credi-

269 1065 272 1068 *
319 1066 417 1099 mus,
441 1065 488 1089 ex
507 1051 651 1101 angulo
672 1050 804 1088 nescio
837 1050 952 1100 cujus
981 1049 1113 1087 Lexici
1146 1055 1214 1087 aut
1242 1046 1502 1086 Grammatici
1521 1046 1668 1084 dudum
1689 1045 1784 1084 editi

318 1119 442 1160 eruat,
461 1112 688 1161 dudumque
713 1111 820 1149 edita
849 1117 888 1149 et
916 1110 1033 1149 obvia
1064 1110 1306 1149 demonstret
1335 1122 1381 1147 ea
1406 1121 1505 1155 esse,
1526 1121 1689 1159 quorum
1711 1120 1782 1145 nos

319 1178 428 1217 stulti
447 1176 660 1214 novitatem
688 1181 728 1212 et
753 1187 865 1225 paene
887 1177 1055 1220 Θειότητα
1077 1178 1276 1223 stupentes
1298 1183 1539 1210 veneramur.
1596 1170 1656 1207 Tu
1676 1182 1782 1215 vero,

319 1240 386 1287 ait,
408 1252 478 1278 cur
497 1238 652 1276 delectu
672 1250 749 1274 non
764 1250 803 1274 es
820 1236 935 1274 usus?
966 1235 1152 1273 Profecto
1168 1234 1338 1272 seculum
1360 1234 1435 1272 hoc
1454 1233 1608 1283 ignoret
1626 1244 1786 1269 necesse

320 1309 392 1349 est,
413 1302 479 1354 qui
500 1306 643 1352 speret,
663 1306 704 1337 ut
732 1313 752 1337 e
783 1298 1015 1337 membranis
1042 1304 1247 1348 excerptas
1272 1297 1461 1348 quasdam
1480 1295 1634 1334 notulas
1659 1294 1788 1346 profe-

321 1378 409 1403 rens
425 1362 567 1414 judicii
589 1363 647 1399 sui
664 1361 866 1399 veritatem
884 1360 1065 1398 omnibus
1081 1359 1290 1410 approbet.
1325 1360 1471 1410 Operae
1492 1357 1659 1408 pretium
1680 1355 1786 1394 haud

321 1426 454 1465 faciet.
494 1426 570 1462 Pro
585 1423 702 1461 laude
722 1422 899 1472 querelas
919 1421 1065 1467 audiet,
1085 1434 1163 1459 non
1179 1433 1408 1471 paucorum,
1425 1422 1492 1470 sed
1510 1425 1621 1457 certo
1641 1418 1787 1456 certius

322 1490 504 1528 omnium.
562 1487 808 1536 Consurgent
828 1486 866 1523 in
886 1498 987 1532 eum,
1001 1491 1040 1522 et
1052 1484 1385 1531 convitiabnntnr‚
1406 1482 1606 1521 fraudatos
1626 1495 1665 1520 se
1684 1481 1787 1532 opti-

323 1566 382 1590 ma
403 1556 538 1603 parte;
569 1549 759 1588 editorem
787 1547 945 1598 judicio
973 1547 1161 1595 caruisse,
1190 1552 1229 1585 et
1256 1546 1358 1584 mala
1376 1544 1455 1583 fide
1486 1557 1616 1583 secum
1649 1544 1786 1595 egisse,

322 1627 444 1665 nugas
480 1611 715 1663 prodidisse,
749 1610 978 1648 lectissimas
1012 1622 1189 1660 quasque
1230 1607 1522 1646 observationes
1556 1606 1788 1644 occultasse.

323 1678 404 1715 Cur
424 1689 501 1714 non
521 1680 646 1713 totum
668 1672 801 1711 dedit?
849 1673 948 1717 Quae
975 1671 1080 1710 illum
1107 1670 1380 1721 intemperiae‘l
1420 1669 1652 1708 Absentium
1673 1668 1788 1711 sama,

322 1740 653 1788 incompertorum
674 1735 808 1785 opinio
826 1748 905 1773 rem
919 1734 1040 1785 ipsam
1063 1734 1294 1784 plerumque
1314 1733 1410 1771 solet
1430 1731 1630 1770 excedere.
1662 1730 1791 1780 Suspi-

324 1801 456 1840 ciones
477 1800 593 1850 igitur
614 1799 696 1845 has,
719 1810 814 1848 quas
836 1796 979 1835 evitare
1001 1809 1078 1833 non
1098 1794 1327 1846 potuissem,
1348 1800 1389 1832 ut
1409 1793 1644 1844 jugularem,
1664 1798 1704 1830 et
1723 1805 1791 1829 vo-

323 1863 431 1901 culas
452 1860 725 1898 malevolorum
742 1864 785 1896 nt
803 1857 1075 1908 opprimerem,
1093 1855 1221 1902 malui,
1235 1868 1324 1894 cum
1337 1867 1548 1906 paucarum
1565 1855 1788 1892 chartarum

319 1924 492 1973 jactura,
509 1928 632 1960 totum
652 1920 896 1971 opusculum,
914 1919 1030 1969 quale
1050 1919 1166 1969 quale
1183 1923 1255 1964 est,
1277 1917 1354 1955 luci
1368 1922 1406 1955 et
1420 1916 1573 1966 judicio
1593 1916 1788 1967 cujusque

326 1998 537 2036 exponere,
557 1983 799 2034 publicoque
819 1981 987 2019 examini
1008 1981 1175 2019 tradere.

379 2045 620 2097 Apographa
640 2045 777 2082 horum
798 2043 1033 2081 scholiorum
1066 2042 1356 2093 quodammodo
1384 2041 1458 2079 tria
1487 2054 1606 2092 penes
1631 2054 1692 2079 me
1712 2040 1793 2079 fue-

329 2116 430 2156 runt,
451 2108 689 2153 Oxoniense,
713 2106 1032 2156 Ultrajectinum,
1056 2105 1344 2157 Tayloranum.>
1389 2104 1520 2142 Audio
1535 2103 1651 2142 etiam
1673 2116 1792 2153 penes

328 2173 566 2215 Rehnarum,
586 2169 723 2214 virum,
741 2181 828 2206 cnm
854 2172 1086 2218 superesset,
1113 2166 1162 2205 de
1189 2166 1309 2205 literis
1336 2166 1482 2217 optime
1507 2166 1698 2212 meritum,
1719 2164 1793 2202 mei

327 2232 647 2276 amantissimum,
669 2230 788 2268 fuisse
818 2229 1100 2280 apographum.
1159 2228 1237 2266 Sed
1260 2228 1389 2266 omnia
1413 2228 1480 2266 illa
1509 2241 1556 2266 ex
1583 2241 1661 2266 uno
1686 2226 1793 2264 sonte

329 2300 548 2340 manarunt,
569 2293 680 2337 libro,
698 2292 766 2342 qui
784 2291 952 2329 Edvardi
970 2290 1157 2328 Bernardi
1173 2289 1266 2328 olim
1285 2290 1372 2336 fuit,
1388 2303 1490 2328 nunc
1511 2296 1570 2328 est
1588 2289 1627 2327 iu
1644 2288 1794 2326 Biblio-

329 2358 444 2396 theca
464 2355 676 2394 Bodleiana
697 2354 854 2392 Oxonii.
876 2366 993 2403 quem
1009 2353 1123 2391 toties
1144 2352 1238 2390 citat
1255 2352 1419 2403 Taylor,
1436 2351 1561 2390 Bern.
1581 2350 1794 2402 appellans.

329 2419 488 2458 Dicitur
507 2418 541 2455 ei
563 2415 694 2454 codici
715 2415 908 2466 Iosephus
929 2413 1104 2465 Scaliger
1132 2420 1172 2451 et
1197 2413 1262 2451 illa
1280 2413 1441 2458 scholia,
1462 2418 1502 2450 et
1521 2412 1642 2450 varias
1662 2412 1795 2450 lectio-

330 2494 411 2527 nes,
431 2478 535 2517 haud
555 2482 708 2515 constat
727 2476 831 2514 unde
852 2475 1008 2526 petitas,
1037 2481 1076 2513 et
1103 2474 1350 2524 conjecturas
1371 2474 1555 2524 denique,
1579 2479 1645 2511 aut
1670 2486 1796 2511 emen-

331 2543 508 2581 dationes
527 2553 615 2579 suas
631 2538 896 2589 adscripsisse.
938 2537 1083 2575 Aldina
1103 2543 1162 2575 est
1181 2536 1303 2575 editio
1319 2537 1530 2575 Oratorum
1548 2535 1794 2574 Graecorum.

375 2655 394 2674 ⁴*
411 2652 593 2693 Cujusmodi
615 2654 869 2681 commentatores
886 2649 916 2679 in
932 2649 1111 2680 AEschinem
1130 2653 1282 2684 vetustos,
1299 2649 1371 2678 fort.
1387 2647 1525 2682 eosdem,
1542 2657 1618 2686 quos
1634 2646 1663 2677 in
1680 2648 1796 2677 Demo·

332 2699 484 2732 sthenem,
498 2697 569 2727 olim
586 2695 756 2731 exstitisse,
780 2698 911 2723 testatur
925 2693 996 2728 hoc,
1019 2693 1101 2731 quod
1129 2692 1318 2722 Scholiastes
1332 2694 1438 2720 noster
1460 2701 1492 2730 p.
1511 2692 1584 2721 105.
1610 2690 1798 2729 antepenult.

332 2741 498 2781 Aspasium
513 2750 551 2769 ex
568 2740 626 2768 hoc
642 2748 766 2767 numero
782 2737 896 2767 laudat.
943 2735 1067 2765 Scholia
1082 2735 1118 2765 ad
1142 2735 1257 2774 primas
1282 2735 1358 2764 duas
1381 2734 1548 2770 orationes,
1574 2734 1741 2774 praesertim
1758 2732 1797 2762 ad

332 2784 553 2818 Timarcheam,
567 2782 780 2822 praestantiora
794 2785 874 2816 suut,
890 2779 1047 2809 deteriora
1063 2784 1093 2808 et
1108 2778 1272 2807 admodum
1287 2778 1393 2816 jejuna
1410 2777 1447 2806 ad
1465 2781 1660 2817 postremam.
1695 2776 1794 2806 Ambo

334 2827 512 2857 Scholiastae
529 2830 590 2855 tam
603 2826 641 2854 Β.
658 2834 746 2864 quam
762 2825 808 2853 M.
826 2834 864 2852 ex
878 2833 936 2852 uno
954 2824 1122 2860 eodemque
1137 2821 1307 2859 antiquiore
1317 2825 1387 2850 sunt
1399 2820 1551 2858 excerpti,
1566 2819 1598 2849 id
1612 2818 1693 2858 quod
1709 2822 1796 2858 patet

335 2882 352 2900 e
376 2869 467 2898 dictis
490 2869 527 2898 ad
551 2879 582 2907 p.
609 2870 663 2898 46.
686 2867 708 2897 l.
731 2869 763 2897 6.
783 2877 812 2896 v.
834 2867 975 2905 σφηττοῖ.
1020 2865 1121 2894 Multa
1143 2864 1292 2894 verbatim
1313 2874 1329 2893 e
1354 2863 1494 2899 Polluce,
1511 2864 1665 2902 Harpocr.
1692 2861 1798 2896 Suida,

335 2912 417 2946 aliis,
433 2912 586 2941 translata.
611 2920 792 2950 quamquam
809 2910 873 2939 fieri
893 2909 1003 2948 possit,
1018 2913 1052 2938 ut
1072 2918 1109 2937 ex
1129 2907 1177 2936 bis
1193 2906 1325 2937 Scholiis
1341 2911 1482 2936 auctores
1497 2906 1544 2935 illi
1558 2905 1708 2935 interdum
1725 2914 1797 2943 pos-

335 2957 396 2984 sint
410 2954 573 2984 emendari.
592 2955 650 2983 alia
664 2954 745 2983 levia
758 2958 839 2988 sunt,
851 2952 910 2982 alia
922 2951 1036 2989 sutilia,
1047 2950 1207 2986 tralatitia‚
1220 2950 1337 2990 inepta,
1353 2949 1493 2988 nugacia,
1503 2949 1563 2979 alia
1577 2948 1695 2988 liquido
1709 2947 1796 2981 salsa,

334 2998 393 3028 alia
408 3007 539 3028 crassam
556 2997 744 3036 antiquitatis
761 2995 946 3035 imperitiam
963 2993 1136 3034 prodentia.
