1966 3340
321 211 453 253 xxxiv
823 212 873 254 C.
908 212 958 256 F.
992 212 1286 254 MATTHAEI

325 333 390 363 νης
410 319 462 361 εἰς
481 317 594 357 αὑτὸν
612 317 682 369 μὲν
701 317 934 366 ἀποβλέπων
953 320 1102 370 θαῤῥεῖν
1121 322 1248 371 φησίν.
1293 318 1375 365 Τὴν
1391 318 1427 358 δὲ
1445 325 1509 358 τοῦ
1524 321 1790 375 Κτησιφῶντος

323 382 509 430 πονηρίαν
527 381 588 418 καὶ
600 379 877 429 πορνοβοσκίαν
896 383 1060 433 ἰσχυρῶς
1078 380 1246 420 δεδιέναι.
1301 382 1387 420 Jam
1407 383 1605 422 conclusio
1624 385 1792 423 oratoris

323 454 372 479 ex
399 440 458 479 his
489 441 653 480 istorum
684 442 886 480 hominum
913 442 1155 482 sermonibus
1185 444 1300 494 longe
1326 443 1602 486 callidissima:
1636 447 1722 490 τοὺς
1749 446 1791 494 δὴ

323 506 602 553 κατεγνωκότας
634 506 816 550 ἀλλήλων
845 504 998 552 ἀδικεῖν,
1029 505 1210 558 μηδαμῶς
1232 507 1335 559 ὑμεῖς
1365 508 1400 545 οἱ
1432 509 1545 546 κοινοὶ
1574 510 1692 559 κριταὶ
1718 515 1790 549 τῶν

321 564 570 616 ἐγκλημάτων
588 566 812 614 ἀπολύσητε.
869 567 1019 605 Rursus
1044 566 1121 605 alio
1141 568 1180 606 in
1200 568 1291 607 loco
1310 568 1423 617 (ibid.
1441 572 1472 617 ξ.
1492 569 1551 618 κ’.)
1570 571 1658 608 ἀλλ’
1676 571 1792 609 ἐκεῖνο

321 625 527 679 φοβοῦμαι,
545 627 674 678 inquit
689 627 913 674 AEschineS‚
932 631 983 676 μή
1003 645 1066 681 μοι
1084 631 1168 680 παρ’
1186 630 1286 682 ὑμῶν
1306 632 1505 686 ἀπαντήσῃ
1526 631 1567 670 τὸ
1586 631 1705 671 δοκεῖν
1723 631 1793 683 μὲν

320 688 448 736 ἀληθῆ
468 692 612 740 λέγειν,
629 694 775 742 α’ρχαῖα
799 691 835 730 δὲ
855 694 914 730 καὶ
933 695 1023 731 λίαν
1043 693 1346 745 ὁμολογούμενα.
1376 697 1506 740 καίτοι,
1528 692 1554 734 ὦ
1576 694 1796 747 Κτησιφῶν,

321 749 392 803 ὅτῳ
411 754 460 792 τά
477 754 642 805 μέγιστα
660 760 733 791 τῶν
748 755 919 810 αἰσχρῶν
937 755 1054 798 οὕτως
1072 754 1150 793 ἐστὶ
1168 758 1288 795 πιστά
1308 757 1367 793 καὶ
1394 760 1566 808 γνώριμα
1585 761 1664 799 τοῖς
1683 756 1795 795 α’κοῦ-

318 829 436 861 ουσιν,
457 818 507 858 ὡς
527 816 592 855 τὸν
611 818 816 867 κατήγορον
831 819 882 869 μὴ
901 816 1019 856 δοκεῖν
1035 817 1150 867 ψευδῆ
1170 821 1311 868 λέγειν,
1333 820 1440 856 α’λλοὶ
1454 820 1604 858 παλαιά
1623 819 1683 856 καὶ
1701 818 1794 856 λίαν

318 879 710 929 προσωμολογημένα.
738 880 879 931 πότερα
906 879 1019 918 αὑτὸν
1046 879 1100 917 δεῖ
1119 883 1247 933 χρυσῷ
1276 879 1444 933 στεφάνῳ
1467 879 1752 932 στεφανωθῆναι
1769 881 1793 926 ἢ

320 938 527 988 ψέγεσθαι,
547 945 611 978 καί
632 957 672 979 σε
693 941 757 980 τὸν
780 941 896 992 ψευδῆ
922 944 982 979 καὶ
1007 941 1212 993 παράνομα
1236 945 1434 994 τολμῶντα
1454 942 1632 994 γράφειν,
1655 944 1794 993 πότερα

319 1003 392 1051 χρὴ
413 1007 657 1053 καταφρονεῖν
678 1009 751 1041 τῶν
773 1002 1021 1055 δικαστηρίων
1039 1004 1062 1049 ἢ
1083 1003 1186 1050 δίκην
1206 1006 1250 1054 τῇ
1268 1005 1377 1042 πόλει
1397 1003 1557 1050 διδόναι;
1587 1005 1609 1043 J
1615 1017 1682 1043 ure
1701 1016 1794 1054 ergo

320 1062 541 1109 AEschines,
569 1064 636 1114 qui
664 1064 827 1115 ubique,
855 1064 950 1115 quid
983 1077 1114 1103 causae
1141 1065 1279 1116 prosit,
1305 1072 1345 1103 et
1377 1065 1473 1116 quid
1503 1064 1792 1117 persuasionem

318 1123 492 1173 adJuvet,
512 1125 703 1177 intelligit,
733 1129 828 1166 κατὰ
846 1126 1002 1179 μέθοδον
1018 1126 1227 1171 δεινότατος
1243 1128 1424 1166 habetur.

895 1296 1105 1339 SECT.
1152 1297 1216 1338 ΙΙ.

916 1395 981 1433 De
1010 1394 1184 1433 exordio.

370 1486 531 1526 Initium
553 1488 753 1535 orationis,
774 1488 881 1540 quod
908 1489 1112 1527 exordium
1132 1489 1334 1540 appellant
1353 1494 1394 1528 et
1412 1487 1633 1528 auditorem
1652 1487 1701 1527 ad
1721 1500 1792 1527 au-

315 1549 461 1589 dienda
476 1551 627 1603 reliqua
646 1551 830 1590 idoneum
852 1551 1018 1590 reddere
1040 1551 1240 1601 judicant,
1261 1551 1498 1590 benevolum
1528 1564 1616 1590 eum
1646 1549 1792 1598 reddit,

315 1617 520 1660 attentum,
542 1613 728 1653 docilem.
755 1613 890 1661 Quod,
907 1613 1109 1664 quo-modo
1128 1613 1274 1652 efficiat
1290 1619 1438 1662 orator,
1456 1627 1536 1652 non
1552 1612 1672 1664 magis
1691 1625 1793 1664 prae-

315 1675 440 1725 ceptis
462 1676 673 1723 rhetorum,
701 1689 817 1727 quam
837 1676 1024 1727 exemplis
1046 1676 1266 1714 orationum
1286 1675 1484 1714 AEschinis
1506 1675 1792 1726 cognoscendis

313 1738 532 1788 apparebit.
590 1739 714 1789 Igitur
744 1751 790 1776 ea
822 1738 952 1777 statim
979 1751 1138 1789 ponam,
1168 1744 1208 1776 et
1237 1750 1328 1788 quae
1359 1751 1492 1776 eorum
1521 1738 1599 1775 sint
1627 1737 1794 1776 virtutes

315 1799 485 1839 breviter
518 1801 727 1840 ostendere
758 1802 947 1840 conabor.
1005 1801 1219 1840 Exordium
1252 1800 1439 1839 orationis
1473 1801 1510 1839 in
1537 1800 1792 1839 Timarchum

314 1867 375 1900 est
401 1862 655 1912 hujusmodi:
684 1862 834 1901 Οὐδένα
863 1865 1009 1902 πώποτε
1046 1870 1120 1901 τῶν
1140 1866 1326 1913 πολιτῶν,
1358 1861 1385 1900 ὦ
1415 1861 1548 1914 ἄνδρες
1576 1861 1795 1910 Ἀθηναῖοι,

315 1923 396 1962 οὔτε
429 1927 578 1977 γραφὴν
608 1925 875 1977 γραψάμενος,
898 1924 1024 1964 οὔτ-’ἒν
1043 1924 1221 1969 εὐθύναις
1246 1927 1434 1971 λυπήσας·
1466 1927 1557 1965 ἀλλ’
1583 1928 1651 1974 (ὡς
1673 1924 1795 2001 ἐ’γωγε

314 1987 469 2036 νομίζω)
490 1990 642 2039 μέτριον
656 1986 821 2037 ἐμαυτὸν
840 1986 932 2037 πρὸς
952 1986 1091 2026 ἕκαστα
1116 1989 1256 2026 τούτων
1276 1988 1536 2039 παρεσχηκώς·
1555 1987 1652 2038 ὁρῶν
1672 1985 1709 2025 δε
1729 1988 1797 2033 τήν

312 2063 351 2086 τε
370 2049 484 2087 πόλιν
509 2050 664 2100 μεγάλα
690 2047 965 2098 βλαπτομένην
992 2049 1063 2088 ὑπὸ
1087 2048 1289 2101 Τιμάρχου
1312 2048 1471 2096 τουτουῗ,
1492 2048 1796 2100 δημηγοροῦντος

313 2113 416 2161 παρὰ
437 2111 523 2154 τοὺς
540 2113 690 2162 νόμους,
712 2112 772 2148 καὶ
792 2110 907 2154 αὐτὸς
927 2110 1002 2160 ἰδίᾳ
1023 2111 1369 2163 συκοφαντούμενος
1390 2111 1450 2162 (ὃν
1469 2109 1671 2161 δὲτρόπον,
1691 2113 1797 2162 προῖ-

313 2173 422 2215 όντος
443 2163 603 2220 ἐπιδείξω
627 2181 692 2211 τοῦ
712 2173 848 2222 λόγου)
875 2171 916 2211 ἔν
937 2189 984 2225 τῳ
1003 2172 1183 2221 (Wolfius
1203 2172 1244 2211 ἕν
1264 2189 1298 2211 τι
1328 2172 1536 2222 legendum
1564 2174 1694 2223 putat)
1722 2178 1796 2211 τῶν

310 2237 522 2287 αἰσχίστων
549 2235 758 2287 ἡγησάμην
793 2235 905 2284 εἶναι,
934 2237 989 2286 μὴ
1015 2234 1210 2284 βοηθῆσαι
1240 2238 1285 2288 τῇ
1314 2250 1353 2273 τε
1380 2236 1489 2272 πόλει
1508 2234 1612 2290 πάσῃ
1634 2236 1696 2273 καὶ
1713 2240 1794 2280 τοῖς

311 2300 440 2350 νόμοις
466 2300 526 2336 καὶ
557 2300 661 2350 ὑμῖν,
691 2299 751 2335 καὶ
779 2298 939 2350 ἐμαυτῷ.
970 2298 1074 2341 εἰδὼς
1102 2296 1138 2335 δὲ
1171 2296 1285 2335 αὐτὸν
1313 2295 1450 2347 ἔνοχον
1471 2296 1578 2342 ὄντα,
1599 2294 1656 2340 οἷς
1676 2297 1794 2350 ὀλίκγῳ

313 2361 495 2412 πρότερον
521 2361 699 2406 ἠκούσατε
720 2361 1052 2409 ἀναγινώσκοντος
1077 2367 1142 2398 τοῦ
1165 2362 1434 2410 γραμματέως·
1455 2358 1672 2408 ἐπήγγειλα
1695 2361 1797 2412 αὐτῷ

313 2424 381 2468 τὴν
397 2422 620 2473 δοκιμασίαν
637 2426 802 2470 ταυτηνί·
831 2424 904 2469 καὶ,
925 2425 974 2466 ὡς
995 2423 1103 2468 ἔοικε,
1125 2419 1152 2461 ὦ
1173 2420 1305 2473 ἄνδρες
1330 2419 1546 2468 Ἀθηναῖοι,
1566 2420 1600 2459 οἱ
1618 2419 1795 2465 εἰωθότες

312 2486 424 2534 λόγοι
439 2485 626 2534 λέγεσθαι
640 2486 702 2523 ε’πὶ
721 2491 797 2529 τοῖς
813 2485 1007 2536 δημοσίοις
1023 2487 1184 2534 ἀγῶσιν,
1204 2486 1267 2522 οὒκ
1281 2484 1351 2522 εἶσὶ
1371 2483 1531 2534 ψευδεῖς.
1548 2483 1588 2522 αἱ
1604 2487 1683 2535 γάρ
1698 2482 1794 2522 ’ίδιαι

311 2546 451 2598 ἔχθραι
465 2548 594 2585 πολλοὶ
612 2547 714 2585 πάνυ
733 2554 808 2585 τῶν
822 2553 956 2585 κοινῶν
970 2547 1275 2597 ἐπανορθοῦνται.
1295 2550 1358 2584 τοῦ
1373 2544 1443 2597 μὲν
1457 2543 1523 2584 οὖν
1538 2544 1629 2583 ὅλου
1642 2546 1795 2594 α’,γῶνος

313 2614 521 2656 φανήσεται
535 2608 613 2648 οὔθ’
635 2611 657 2656 ἡ
673 2611 785 2653 πόλις
805 2609 909 2647 αἰτία
929 2607 1024 2647 οὖσα
1041 2609 1241 2662 Τιμάρχῳ,
1261 2607 1340 2646 οὔθ’
1368 2609 1403 2645 οἱ
1426 2609 1547 2659 νόμοι,
1569 2606 1649 2645 οὔθ’
1673 2607 1792 2658 ὑμεῖς,

315 2675 397 2709 οὔτε
418 2672 506 2721 ἐγώ·
529 2674 617 2710 ἀλλ’
636 2672 750 2715 αὐτὸς
769 2669 877 2714 οὗτος
891 2670 1023 2745 ἓαυτιιὶἰ.
1045 2672 1079 2709 οἱ
1101 2670 1172 2723 μὲν
1195 2673 1271 2722 γοῖρ
1291 2672 1397 2722 νόμοι
1416 2675 1596 2721 προεῖπον
1615 2669 1714 2720 αὐτῷ
1736 2669 1794 2705 αἶ-

314 2740 439 2787 σχρῶς
455 2732 655 2781 βεβιωκότι
669 2736 721 2785 μὴ
743 2732 1017 2784 δημηγορεῖν,’
1003 2749 1210 2784 επιταγμα,
1228 2734 1278 2776 ὥς
1294 2749 1338 2807 γε
1357 2731 1436 2778 δὴ’
1420 2734 1494 2780 εγὼ
1514 2734 1636 2782 κρίνω,
1657 2745 1700 2768 ου
1718 2745 1793 2781 χα-

313 2795 431 2835 λεπὸν
458 2796 714 2844 ἐπιτάξαντες·
745 2797 850 2833 αλλὰ
869 2797 928 2832 καὶ
947 2796 1050 2834 πάνυ
1071 2795 1214 2847 ῥάδιον.
1244 2794 1305 2847 ε’με
1332 2795 1359 2832 δ’
1386 2794 1467 2841 ε’ξῆν
1497 2797 1609 2846 αὑτῷ,
1640 2795 1671 2831 εἰ
1701 2793 1792 2831 ε’σω·

313 2858 456 2909 φρόνει,
477 2860 527 2910 μὴ
545 2863 802 2911 συκοφαντεῖν.
831 2859 911 2909 περὶ
933 2856 1002 2909 μὲν
1023 2863 1089 2896 οὐν
1105 2863 1244 2896 τούτων
1257 2860 1417 2909 μετρίως
1432 2856 1568 2901 ἐλπίζω
1587 2872 1652 2907 μοι
1671 2871 1793 2906 προειι·

313 2917 468 2970 ρῆσθαι.
525 2920 611 2958 Jam
641 2919 738 2971 quid
768 2925 900 2959 orator
927 2920 1062 2970 potuit
1089 2919 1220 2959 dicere
1250 2919 1300 2957 ad
1330 2917 1713 2958 commendationem
1733 2916 1793 2955 sui

313 2980 461 3031 aptius,
479 2981 529 3019 ad
546 2981 831 3021 criminandum
846 2981 1107 3021 adversarium
1125 2982 1292 3033 ,gi-avim,
1311 2981 1358 3019 ad
1381 2980 1662 3023 declarandum
1673 2979 1792 3018 totius
