1916 3340
329 201 443 251 334

322 300 375 332 Sic
402 301 490 332 dedit
517 301 703 342 Stephanus.
733 303 824 346 ἀξχῆν
852 301 1038 344 παραφέρειν.

321 347 438 386 ιτενριΐνι·ον
450 344 547 376 Wolf
557 356 574 376 8
585 347 772 386 conjectura.
804 348 841 376 Id
858 347 942 386 quod
957 347 1038 385 Tay-

323 388 382 424 lor,
407 399 462 429 pro
485 399 570 419 more
596 399 663 426 suo,
689 390 837 420 reddidit.
871 390 935 419 Sed
961 391 1037 420 bene

323 431 416 461 habet
437 432 647 472 participium,
671 433 766 463 etsie
790 438 856 463 erat
880 432 1036 473 interpun-

322 475 467 514 gendum,
487 481 522 506 ut
541 476 613 506 feci.
629 477 726 517 ἀρχήν·
744 474 916 516 ωαςαφέξων
931 479 1039 518 πρῶτον

321 516 378 557 μὲν
391 535 435 541 ——-
448 519 530 549 redit
545 519 603 549 hoo
619 519 818 558 participium
839 520 877 549 ad
894 518 1040 562 ἐπιχειρῆ·

321 571 376 592 σει.
391 562 497 593 dicere
512 563 639 592 audebit
654 573 701 593 me
713 563 844 592 infandae
859 563 989 602 alicujus
1000 564 1038 594 il-

321 605 518 635 liberalitatis
529 613 619 646 atque
630 606 830 636 immanitatis
843 608 1039 646 principium,

320 648 368 690 (h.
384 659 412 679 e.
428 649 561 688 primum
576 649 766 689 exemplum,
782 649 864 688 quod
881 649 935 680 alii
951 650 1038 681 dein-

321 702 394 732 ceps
404 692 590 733 imitentur,)
600 698 661 728 aut,
676 692 702 722 si
713 693 823 730 mavis,
836 693 1038 733 principatum

321 738 412 774 atque
429 736 621 774 tyrannidem
637 736 808 775 reperisse,
823 737 975 776 allegans,
986 743 1039 767 aut

321 788 494 817 provocans
517 780 554 808 ad
581 779 746 809 amicitiam
763 780 929 811 Harmodii
946 785 1037 820 atque

321 821 556 861 Aristogitonis.

363 865 440 894 ibid.
459 874 492 894 v.
509 868 560 897 13.
579 867 628 897 την
644 865 724 907 πρὸς]
749 866 829 896 Post
848 868 897 898 τὴν
913 866 1039 898 videtur

323 907 415 938 αὐτῶν
430 909 552 939 deesse.

363 951 442 981 ibid.
457 962 488 981 v.
510 956 562 983 14.
584 951 618 982 τὸ
642 953 791 994 ωςέγμοι]
817 952 893 984 Scil.
907 952 942 984 τὸ
957 953 1037 984 ἑται-

320 994 374 1034 ξεῖν
388 994 437 1023 καὶ
449 993 482 1024 τὸ
494 993 556 1035 ἒςςῖν
570 997 663 1025 καλῶν
677 997 835 1036 σωμάτων.

362 1037 439 1067 ibid.
456 1049 485 1068 v.
503 1043 644 1078 autepen.
656 1038 810 1082 εὔχεσθαι]
827 1039 956 1070 Planius
969 1040 1037 1080 qui-

319 1080 390 1110 dem
414 1087 463 1111 est
485 1081 617 1123 εὔχεσθε,
637 1085 719 1122 quod
742 1084 858 1123 Taylor
883 1084 1037 1114 exhibuit.

318 1124 380 1154 Sed
397 1125 474 1155 bene
489 1125 580 1156 habet
591 1125 740 1167 εὔχεσθαι,
750 1127 833 1166 quod
848 1128 1035 1167 Stephanus.

317 1168 507 1198 Subauditur
522 1180 540 1198 a
556 1171 710 1200 communi
725 1170 859 1210 φήσουσι.
874 1175 922 1200 est
937 1171 1036 1201 oratio

316 1210 455 1251 obliqua,
472 1216 505 1242 ut
520 1217 569 1242 est
583 1224 705 1253 quoque
721 1214 752 1243 in
768 1214 1013 1253 insequentibus.

361 1265 392 1294 p.
410 1257 462 1285 59.
486 1266 517 1286 v.
537 1259 568 1286 4.
596 1256 658 1297 mei
682 1255 754 1297 ἐμοῦ
779 1257 942 1298 ποιεῖσθαι]
967 1258 1035 1297 Ego

317 1299 421 1327 malim
442 1303 494 1328 aut
516 1298 585 1328 κατ’
606 1298 678 1339 ἐμοῦ
701 1300 859 1331 «ποιεῖσθαι
884 1301 960 1339 legi,
984 1305 1036 1331 aut

317 1341 378 1381 περὶ
402 1341 510 1378 deleri,
527 1343 652 1373 tametsi
675 1343 757 1373 baud
780 1344 935 1374 infitiabor
955 1345 1035 1374 tole-

315 1384 376 1413 rari
393 1395 496 1423 posse.

358 1426 435 1457 ibid.
457 1439 487 1458 v.
513 1431 542 1459 6.
568 1427 601 1458 τὸ
625 1428 653 1458 δὲ
677 1429 821 1469 πξᾶγμα]
844 1430 1033 1469 Frequenta-

316 1469 430 1500 tionem
461 1471 675 1510 palaestrarum
702 1473 734 1501 in
761 1473 911 1502 invidiam
936 1473 1034 1503 addu-

314 1513 409 1549 xisse,
421 1519 454 1543 ut
464 1525 520 1553 pro
535 1525 568 1544 re
585 1515 690 1545 infami
703 1516 877 1552 haberetur,
893 1516 1033 1555 adeoque

314 1557 504 1595 periculosa,
530 1558 604 1598 quia
634 1559 804 1589 verendum
840 1559 893 1595 sit,
916 1569 955 1589 ne
981 1561 1033 1599 ju-

314 1604 426 1630 ventus
442 1602 486 1631 ita
501 1606 728 1641 corrumpatur.

357 1653 388 1682 p.
407 1645 457 1674 60.
484 1655 515 1674 V.
539 1648 590 1677 13.
615 1644 673 1675 οὐδὲ
698 1643 824 1687 ἔλάβην]
848 1644 956 1675 Malim
978 1644 1035 1676 οὐδ’

312 1685 345 1716 ἔκ
360 1686 462 1718 τούτου
477 1686 601 1721 Βλάβην.

356 1730 435 1760 ibid.
453 1741 482 1761 v.
502 1734 553 1761 14.
576 1730 665 1771 ὄντος]
689 1731 764 1762 Scil.
778 1733 829 1762 τοῦ
844 1730 952 1765 παιδός.

356 1773 431 1804 ibid.
449 1784 480 1804 v.
494 1774 549 1804 ult.
566 1773 652 1814 ἐντῷ
664 1773 779 1815 μέτξῳ]
801 1774 850 1815 Teii
862 1775 966 1805 malim
980 1776 1033 1805 ab·

313 1826 400 1854 esse;
424 1821 457 1847 et
471 1828 502 1847 v.
518 1819 549 1848 3.
572 1829 605 1857 p.
622 1820 675 1848 61.
697 1819 746 1847 καὶ
771 1817 949 1858 [primum],
970 1818 1032 1848 nisi

313 1859 402 1889 malis
418 1860 477 1889 hoc
493 1870 550 1899 pro
567 1862 667 1896 etiam,
683 1871 741 1891 non
757 1871 816 1900 pro
835 1868 863 1892 et
878 1862 1031 1901 accipere.

357 1902 384 1941 ς.
401 1902 462 1934 aff.
484 1914 516 1943 p.
534 1905 587 1934 61.
613 1914 642 1934 v.
658 1907 689 1935 3.
713 1902 828 1944 ὁμοίων]
853 1905 889 1934 Id
907 1909 954 1934 est
973 1917 1031 1935 σω-

314 1945 423 1986 φςόνων.

355 1989 436 2019 ibid.
447 1986 485 2018 ὦν
498 1990 526 2019 οὐ
541 1990 612 2030 χξῆ]
631 1990 705 2020 scil.
718 1988 790 2030 ἒςςῗν,
804 1989 931 2032 ἐρῶντας.
947 1991 1029 2030 quod

313 2036 361 2062 est
377 2043 394 2062 a
411 2034 564 2063 communi
579 2033 793 2073 repetendum.

355 2074 433 2105 ibid.
458 2087 487 2106 v.
511 2078 543 2106 7.
566 2075 612 2106 τᾶν
634 2075 690 2116 μὲν
714 2075 820 2117 ἔρωτα]
845 2076 950 2115 Hujus
974 2075 1031 2117 μὲν

311 2119 461 2158 apodosin
476 2129 536 2149 non
549 2121 682 2159 reperio.
705 2120 766 2150 nisi
783 2130 842 2160 pro
862 2122 916 2161 γὰρ
936 2130 1029 2151 versu

313 2165 365 2192 10.
382 2161 410 2192 δὲ
428 2163 608 2193 substituas.

354 2205 433 2235 ibid.
450 2216 480 2235 v.
495 2209 546 2236 11.
563 2207 599 2241 ὡς
616 2205 641 2236 ἓν
654 2216 685 2235 τι
699 2205 784 2235 τοῦτο
798 2207 853 2235 τῶν
868 2207 1030 2247 λυπηςοτιί-

309 2259 366 2278 των
381 2248 682 2289 ἀναμιμνῃσκόμενος]
707 2250 786 2279 Haee
800 2251 896 2279 verba
908 2251 1031 2281 damnat

309 2292 436 2331 Taylor,
452 2297 482 2322 et
497 2293 634 2332 expungi
654 2293 733 2328 vult,
756 2303 814 2332 pro
838 2293 953 2323 assutis
977 2294 1030 2323 ha-

309 2335 398 2371 bens,
411 2340 443 2365 et
457 2335 730 2375 interpretamento
745 2337 889 2366 vocabuli
901 2335 1030 2377 ὀδυρόμε-

309 2388 359 2412 νος.
382 2380 420 2409 In
436 2389 496 2418 quo
512 2380 642 2409 multum
652 2379 780 2409 fallitur.
796 2380 882 2409 τοῦτο
895 2380 1030 2418 pertinet

309 2422 347 2451 ad
364 2421 527 2462 insequens
543 2421 587 2452 δ’τι
603 2425 654 2457 τῆς
671 2421 858 2464 ὑποσχέσεως
872 2421 1028 2460 ἐψεύσατο.

309 2465 419 2495 Fidem
435 2477 452 2496 a
469 2476 502 2495 se
513 2466 628 2502 datam,
641 2465 786 2496 violatam
799 2473 1028 2504 commemorat,

309 2512 345 2537 ut
371 2519 435 2539 rem
463 2509 563 2539 animo
591 2519 647 2539 suo
673 2509 769 2538 multo
796 2510 1027 2540 acerbissimam

309 2549 476 2591 ὃᾶυξόμενος,
492 2553 525 2582 id
541 2557 589 2582 est
609 2552 636 2582 ἔν
651 2552 695 2591 τῷ
709 2551 869 2593 ὀδύρεσθαι,
888 2553 932 2584 ibi
955 2553 1028 2590 loci,

309 2595 364 2624 ubi
379 2596 563 2626 lamentatur
579 2595 718 2626 Patrocli
733 2596 860 2625 caedem.

354 2637 431 2668 ibid.
455 2651 486 2670 v.
512 2642 564 2670 14.
587 2638 686 2679 αὐτὸν]
713 2639 785 2668 Hoc
809 2639 847 2668 ad
871 2639 1025 2669 Achillem

309 2681 402 2718 redit,
417 2687 451 2712 ut
472 2682 648 2722 proximum
667 2692 757 2712 versu
780 2683 833 2712 13.
854 2683 893 2711 ad
917 2683 1027 2712 Patro-

309 2724 405 2760 clum,
421 2731 453 2756 et
469 2736 575 2756 rursus
591 2725 671 2765 αὐτῷ
684 2725 761 2755 ibid.
779 2726 818 2755 ad
834 2725 999 2755 Achillem.

355 2767 382 2807 ἑ.
398 2768 436 2798 λ’.
458 2780 490 2809 p.
514 2772 567 2802 64.
584 2781 615 2800 v.
643 2771 694 2799 10.
718 2767 804 2810 ωὲρι]
830 2769 912 2798 Dedi
937 2769 1024 2810 πάρα.

309 2819 344 2840 ex
359 2822 422 2841 una
436 2812 486 2853 (ut
501 2813 595 2853 vulgo
610 2812 777 2852 usurpant)
790 2813 1025 2842 circumstantia.

352 2854 432 2884 ibid.
447 2859 498 2886 11.
518 2855 589 2887 οὕτω
604 2854 698 2895 δ’σ-τις]
717 2855 801 2885 Dedi
816 2853 887 2886 οὕτω
900 2852 1026 2896 χᾷίστις,

310 2896 343 2927 id
358 2902 406 2928 est
420 2899 469 2928 nai
489 2898 581 2935 ὅστις.
605 2900 721 2929 dudum
737 2903 806 2928 ante
825 2899 870 2929 sic
886 2901 1025 2938 conjece-

311 2951 385 2975 ram,
411 2952 500 2980 quam
532 2943 673 2983 prodiret
697 2943 737 2972 cl.
756 2941 959 2973 Valckenaeri
986 2943 1025 2972 ad

311 2984 473 3023 Euripidis
489 2986 662 3026 fragmenta
676 2985 819 3019 diatriba,
835 2987 886 3025 qui
901 2997 932 3025 p.
949 2989 1023 3018 270.

310 3027 376 3066 pari
392 3029 482 3058 modo
501 3030 594 3060 verba
608 3030 673 3059 haee
690 3029 841 3059 exhibuit.

759 211 991 255 REISKII
1023 212 1355 257 ANNOTATA

1113 303 1190 334 ibid.
1211 315 1242 335 v.
1265 304 1320 335 ult.
1341 303 1501 347 ποιεῖσθαι]
1525 307 1620 337 Haud
1643 307 1788 347 displicet

1071 347 1261 379 πεποιῆσθαι.
1305 349 1368 379 Sed
1385 353 1417 378 et
1432 358 1567 388 praesens
1581 351 1682 381 locum
1697 352 1789 383 facile

1070 395 1202 421 tueatur.
1226 391 1373 422 Judicare
1387 402 1415 422 se
1430 393 1474 422 ait
1488 392 1585 423 solere.

1115 445 1146 474 p.
1162 435 1215 465 65.
1229 445 1261 464 v.
1275 437 1305 465 8.
1320 434 1460 476 δημοσίᾳ]
1477 436 1513 465 ln
1524 437 1618 468 rebus
1634 437 1674 467 ad
1685 447 1786 478 remp.

1070 477 1309 518 pertinentibus.

1114 520 1190 552 ibid.
1207 521 1320 563 πάντα]
1344 521 1458 552 Omnia
1473 521 1534 551 ista
1556 521 1627 558 tria,
1641 522 1721 552 bona
1733 533 1789 562 pa-

1071 566 1170 602 terna,
1196 567 1372 595 mercedem
1398 565 1510 604 stupri,
1535 569 1568 595 et
1596 565 1789 604 largitiones,

1071 607 1182 646 quibus
1199 618 1232 638 se
1248 609 1287 639 ad
1303 609 1483 639 vendendos
1498 608 1631 638 bonores
1645 609 1788 639 immuni-

1071 654 1226 692 tatesque,
1243 655 1275 682 et
1289 652 1327 682 ad
1338 653 1390 691 jus
1407 652 1502 682 civile
1518 651 1569 681 vel
1583 652 1706 682 forense
1720 653 1787 683 vio-

1070 692 1197 725 landum
1209 695 1365 735 corrumpi
1379 705 1491 735 passus
1504 698 1563 725 est.

1114 737 1190 767 ibid.
1207 749 1237 768 v.
1255 741 1306 770 10.
1329 738 1362 769 ἐκ.
1383 738 1465 769 τίνων
1485 736 1566 769 {ca-zv
1583 735 1787 778 ἐπιτηδευμά-

1070 779 1141 821 των]
1164 781 1238 811 Nisi
1261 782 1337 822 quid
1360 782 1461 818 deest,
1485 781 1616 812 subaudi
1641 782 1788 823 γνώριμος,

1072 829 1126 854 aut
1139 823 1316 865 πεςιβόητος,
1331 830 1383 855 aut
1398 826 1460 855 tale
1473 824 1559 865 quid.

1114 867 1195 897 ibid.
1208 879 1238 899 v.
1252 872 1304 899 11.
1320 868 1352 907 ἐξ
1365 866 1416 909 ὧν]
1433 869 1521 898 Idem
1535 872 1584 897 est
1598 878 1634 898 ao
1647 867 1674 897 si
1689 867 1789 898 dixis-

1071 913 1119 940 set
1133 913 1216 951 μετὰ
1229 912 1279 941 vel
1295 911 1340 943 διὰ
1356 911 1389 941 τὸ
1404 910 1513 952 πςὲῖξαι
1529 909 1559 946 ἃ,
1576 921 1639 950 quae
1661 917 1788 950 patran-

1070 954 1118 989 do,
1140 961 1203 993 post
1225 956 1276 984 vel
1299 956 1332 985 ob
1356 965 1486 994 quorum
1511 955 1787 994 perpetrationem.

1071 997 1200 1027 Planius
1218 998 1322 1038 utique
1338 997 1472 1028 dixisset
1488 996 1508 1026 ἃ,
1523 996 1685 1037 πράξαντα.

1113 1040 1140 1080 §.
1164 1042 1214 1072 λά.
1237 1053 1267 1083 p.
1284 1044 1336 1072 65.
1361 1053 1391 1072 v.
1412 1044 1465 1072 25.
1488 1038 1654 1081 ἐλευθέρων]
1678 1041 1787 1071 Malim

1069 1081 1227 1125 ἐλευθέςως,
1251 1085 1335 1125 quod
1365 1085 1520 1115 interdum
1549 1094 1607 1123 pro
1633 1082 1790 1126 ἐλευθερίως

1069 1133 1246 1167 usurpatur.

1112 1171 1189 1202 ibid.
1203 1182 1233 1202 v.
1251 1175 1394 1213 antepen.
1409 1168 1576 1211 Περιθοίδου]
1599 1170 1707 1200 Malim
1722 1176 1788 1200 Πει·

1069 1212 1191 1254 ςιθοίδου,
1215 1219 1249 1245 ut
1273 1215 1314 1245 sit
1335 1214 1581 1254 patronymicum
1598 1223 1615 1244 a
1636 1213 1787 1255 Πειρίθοος.

1068 1259 1166 1287 multa
1181 1259 1333 1297 ejusmodi
1348 1258 1471 1288 nomina
1490 1261 1659 1288 occurrunt
1679 1257 1711 1286 in
1732 1268 1788 1286 no-

1068 1300 1202 1331 minibus
1218 1301 1451 1333 Atheniensium
1468 1300 1603 1340 propriis
1617 1300 1649 1329 in
1664 1300 1719 1335 ι’δης
1731 1300 1785 1330 de·

1068 1344 1212 1381 sinentia,
1229 1356 1247 1375 a
1262 1345 1436 1374 nominibus
1451 1344 1579 1374 heroum
1595 1344 1700 1373 dueta.

1112 1397 1143 1425 p.
1159 1390 1212 1420 66.
1228 1399 1258 1418 v.
1275 1391 1327 1418 11.
1351 1388 1389 1423 εἷς
1407 1386 1442 1417 τὸ
1462 1387 1619 1428 μειράκιον]
1644 1385 1787 1416 Subaudi

1068 1430 1154 1459 τοῦτο
1168 1431 1310 1472 εἰρῆσθαι.

1111 1472 1189 1504 ibid.
1207 1485 1237 1504 v.
1256 1476 1309 1504 17.
1330 1471 1551 1514 μνησθήσομαι]
1575 1472 1712 1502 Subaudi
1732 1471 1789 1511 μό-

1068 1525 1127 1552 νων,
1142 1515 1224 1547 idem
1246 1522 1296 1546 est
1316 1527 1351 1546 ac
1367 1516 1392 1546 si
1409 1516 1545 1545 dixisset
1569 1514 1676 1546 τούτων
1698 1515 1788 1556 μόνων

1068 1558 1111 1587 νῦν
1123 1559 1348 1600 μνησθήσομαι,
1362 1557 1399 1589 οἷν
1418 1558 1526 1590 ἥκιστά
1541 1569 1593 1598 μοι
1607 1558 1706 1598 μέλει.
1730 1560 1789 1588 So-

1069 1601 1116 1631 los
1135 1603 1206 1632 illos
1229 1603 1486 1637 commemorabo,
1502 1612 1632 1640 quorum
1651 1601 1785 1632 inimici-

1069 1644 1129 1675 tias
1139 1646 1215 1676 mihi
1225 1646 1422 1676 consciscere
1437 1645 1481 1675 nil
1498 1644 1678 1675 reformido.
1695 1646 1735 1674 V.
1752 1656 1786 1685 p.

1069 1689 1122 1718 68.
1138 1699 1168 1719 V.
1181 1694 1323 1729 antepen.

1110 1731 1187 1762 ibid.
1212 1743 1244 1763 v.
1271 1735 1324 1764 23.
1347 1730 1459 1773 ἐμίσει]
1488 1730 1581 1770 Quod
1607 1730 1682 1761 olim
1705 1741 1787 1771 pone

1066 1774 1260 1817 ὑπερβεζηκὼς
1269 1777 1439 1815 legebatur,
1451 1774 1604 1815 expunxi,
1614 1778 1650 1804 ut
1661 1776 1788 1805 turbans

1067 1819 1262 1854 sententiam,
1277 1830 1295 1849 a
1310 1821 1398 1849 bonae
1419 1827 1543 1858 quoque
1565 1822 1646 1847 notae
1666 1818 1786 1848 codici-

1066 1862 1137 1897 bus,
1148 1866 1227 1892 teste
1239 1863 1386 1902 Tayloro,
1396 1861 1556 1891 exsulans.
1580 1861 1785 1901 Quamquam,

1065 1904 1125 1934 mei
1137 1905 1162 1934 si
1175 1916 1225 1935 res
1237 1906 1347 1935 fuisset
1360 1904 1490 1940 arbitrii,
1500 1903 1598 1943 eloco
1611 1914 1667 1934 suo
1684 1909 1784 1934 trans-

1066 1948 1188 1978 tulerim
1222 1949 1328 1988 potius
1355 1948 1386 1978 in
1417 1948 1522 1981 alium,
1547 1951 1579 1976 et
1608 1947 1705 1977 verba
1737 1948 1784 1977 sio

1066 1991 1244 2021 struxerim.
1269 1989 1483 2032 ὑπερβεβηκώς.
1507 1989 1521 2021 ἦ
1545 1988 1591 2024 τίς
1612 2003 1643 2021 τ.
1668 2001 1711 2020 ἐν.
1736 1991 1784 2021 οὐκ

1064 2032 1173 2073 ἐμίσει,
1189 2035 1237 2065 οὐκ
1252 2033 1429 2075 ἐδυσχέραινε
1444 2040 1517 2072 Κηφ.

1107 2087 1139 2115 p.
1156 2079 1210 2107 6¹7.
1227 2088 1257 2107 v.
1273 2080 1304 2109 8.
1320 2078 1359 2112 εἷς
1373 2077 1438 2111 τοὺς
1453 2074 1703 2116 πεποξνευμένους]
1726 2077 1782 2106 Vi-

1065 2119 1178 2150 dentur
1199 2121 1349 2150 iteranda.
1402 2119 1609 2150 Desideratur
1633 2120 1714 2150 enim
1734 2130 1783 2149 re-

1066 2163 1192 2203 sponsio
1208 2164 1246 2194 ad
1264 2163 1454 2204 praemissam
1471 2163 1756 2201 interrogationem.

1107 2206 1134 2246 ἑ.
1148 2206 1208 2239 λβ’.
1226 2217 1258 2246 p.
1273 2210 1326 2237 67.
1347 2218 1377 2237 v.
1395 2208 1448 2238 23.
1469 2208 1525 2240 τὰς
1547 2205 1692 2242 συνθήκας
1711 2205 1783 2247 τὰς]

1064 2251 1125 2284 Τὰς
1140 2250 1267 2280 secundi
1281 2251 1348 2280 loco
1364 2249 1468 2280 malim
1481 2251 1543 2283 τῆς.

1107 2293 1183 2324 ibid.
1200 2305 1230 2325 v.
1248 2295 1300 2325 27.
1323 2291 1373 2335 ὧν]
1401 2291 1485 2323 Dedi
1500 2292 1538 2322 de
1555 2302 1624 2322 meo
1639 2290 1672 2331 ἐξ
1686 2288 1732 2329 οἷν,
1748 2301 1782 2323 ex

1062 2337 1110 2372 iis,
1127 2337 1176 2367 vel
1191 2338 1352 2367 secundum
1367 2347 1412 2372 ea,
1427 2345 1491 2376 quae
1506 2335 1537 2366 hi
1551 2337 1650 2365 aiunt.

1106 2379 1185 2410 ibid.
1209 2391 1239 2411 v.
1261 2382 1313 2411 29.
1340 2379 1503 2420 λεγόμενον]
1533 2380 1612 2409 Post
1633 2377 1783 2417 λεγόμενον

1064 2422 1187 2454 videtur
1201 2423 1305 2454 ἀκούειν
1319 2424 1424 2453 deese.
1459 2421 1633 2452 Existimate
1647 2431 1694 2452 vos
1707 2431 1782 2458 rem,

1062 2477 1122 2496 non
1152 2468 1281 2497 oratione
1308 2476 1375 2496 mea
1403 2465 1559 2504 expositam
1582 2465 1701 2500 audire,
1732 2466 1780 2495 sed

1061 2510 1152 2540 oculis
1166 2517 1344 2549 praesentem,
1359 2520 1427 2540 cum
1440 2509 1570 2548 geritur,
1585 2517 1713 2538 cernere.

1105 2564 1136 2592 p.
1153 2556 1205 2585 68.
1222 2564 1252 2583 v.
1269 2555 1300 2583 3.
1317 2551 1414 2592 λόγου]
1439 2552 1517 2581 Post
1537 2550 1622 2589 λόγου
1641 2551 1779 2587 videtur,

1060 2605 1122 2625 non
1138 2597 1239 2626 solum
1254 2598 1352 2637 τυχὼν
1366 2597 1488 2628 deesse,
1504 2594 1588 2633 quod
1605 2604 1673 2623 cum
1695 2592 1779 2632 λόγου

1061 2639 1225 2676 cohaereat,
1238 2640 1294 2670 sed
1310 2639 1401 2669 etiam
1416 2637 1587 2677 ποιούμενος.
1611 2637 1705 2673 Quod
1720 2647 1778 2676 po-

1062 2683 1155 2713 stulat
1176 2683 1343 2721 insequens
1362 2680 1541 2720 κοιτηγοξίαν,
1557 2680 1632 2710 alias
1654 2680 1687 2710 id
1711 2680 1778 2710 sine

1059 2725 1157 2755 fulcro
1171 2730 1355 2761 nataturum,
1365 2728 1400 2754 ut
1416 2725 1462 2754 sic
1480 2724 1614 2763 legatur:
1630 2723 1679 2752 καὶ
1694 2723 1778 2761 λόγου

1059 2770 1168 2810 τυχὼν,
1184 2768 1343 2808 ποιούμενος
1361 2769 1444 2808 μετὰ
1459 2766 1582 2800 σπουδῆς
1596 2765 1777 2806 κατηγορίαν,

1060 2818 1088 2841 et
1103 2814 1262 2851 impetrata
1278 2812 1395 2842 dicendi
1414 2811 1511 2846 venia,
1525 2820 1592 2840 curn
1615 2811 1777 2839 accusatio-

1060 2864 1125 2884 nem
1140 2860 1353 2895 exsequeretur.
1375 2855 1488 2892 Neque
1499 2853 1579 2882 enim
1595 2852 1657 2882 dici
1672 2856 1776 2890 potest

1059 2897 1115 2940 ἐρεῖ
1124 2897 1302 2939 κατηγορίαν,
1314 2908 1370 2938 pro
1386 2896 1442 2937 ἐρεῖ
1453 2895 1479 2927 ἐν
1494 2894 1649 2936 κατηγόρου
1660 2894 1752 2934 τάξει.

1102 2941 1180 2971 ibid.
1202 2952 1233 2971 v.
1259 2943 1311 2972 13.
1336 2938 1500 2980 δικάζεται]
1523 2938 1641 2978 Taylor
1666 2938 1776 2968 suadet

1059 2983 1209 3025 δικαζέτω,
1227 2984 1257 3014 in
1273 2995 1334 3025 quo
1349 2983 1473 3014 humani
1489 2981 1565 3022 quid
1587 2991 1699 3022 passus
1715 2986 1774 3017 est,

1059 3028 1217 3059 immemor
1240 3027 1435 3064 differentiae,
1451 3035 1519 3066 quae
1541 3025 1623 3056 inter
1637 3024 1773 3055 activum
