1916 3340
303 195 328 236 8

298 301 495 342 ἀντιγραφεὺς
523 301 724 344 χειροτονητὸς,
759 303 786 339 ὃς
813 304 885 334 καθ’
907 304 1031 336 ἑκάστην

346 343 514 385 πρυτανείαν
537 346 728 387 ἀπελογίζετο
750 350 807 383 τὰς
826 347 972 388 προσόδους
990 348 1034 387 τῷ

346 388 438 427 δήμῳ.
452 390 507 426 57,
523 390 575 421 23.
600 389 794 431 ἀντιγςαφέως
817 392 905 432 ἀςχῆν
924 390 1030 432 ἄρχειν.

347 431 403 466 57,
415 433 467 461 26.

299 473 541 515 ἀντιδιαπλέκειν]
564 475 776 507 ἀντιδιαπλέκει
798 474 865 515 πξδς
880 476 965 507 τοῦτο
984 475 1031 506 λέ-

344 527 410 554 γων,
429 519 562 548 occurrit
584 530 653 550 cum
678 520 741 550 suis
764 519 884 549 callidis
906 524 939 550 et
961 530 1032 560 per-

343 560 445 599 plexis
456 561 715 593 cavillatiunculis
728 568 759 593 et
775 563 1030 603 exceptiunculis.

346 604 400 638 57,
416 607 469 634 41.

300 645 505 689 ἀντιδιεξιέναι]
543 647 739 688 ἀντιδιέξειμι,
779 648 811 678 in
847 648 1030 680 contrariam

345 694 464 729 partem
478 692 676 721 enumerabo.
694 694 747 727 22,
767 694 818 721 17.

299 731 450 773 ἀντίδικος]
474 733 593 775 ἐκφέρειν
609 733 707 772 λόγους
726 735 787 769 τοῖς
806 732 963 770 ἀντιδίκοις,
984 735 1029 766 ef-

343 775 434 811 ferre,
450 777 626 813 enunciare,
640 779 780 818 prodere.
807 779 847 808 de
868 778 1028 809 causidico

342 820 591 859 praevaricatore,
608 821 662 861 qui
678 826 857 862 argumenta
868 827 899 852 et
914 822 1029 862 agendi

342 862 452 892 modos
472 873 535 894 suae
552 864 646 904 partis
663 865 849 895 adversariis
869 866 1029 902 enunciat,

342 908 375 934 et
392 915 461 936 curn
476 906 514 936 iis
534 906 565 936 in
589 907 731 938 fraudem
749 918 871 938 suorum
887 907 1028 939 colludit.

345 949 399 982 50,
417 950 468 979 2⁶2.
492 952 545 985 78,
563 952 615 980 28.

298 989 463 1033 ἀντίθετος]
492 992 655 1027 ἀντιθέτοις
682 991 955 1033 ἓπιζεςουλευμένοις
978 993 1028 1024 καὶ

341 1034 497 1065 κακοήθεσι
512 1034 775 1078 ψυχαγωγεῖσθαι.
793 1040 847 1074 28,
865 1039 918 1067 18.

298 1076 652 1120 ἀντικαταλλάττεσθαι]
702 1080 1028 1121 ἀντικαταλλαξάμενος

341 1119 419 1159 ῥῆμα
432 1120 523 1161 μόνον.
540 1125 594 1159 66,
610 1123 731 1164 penult.

297 1161 535 1204 ἀντικατηγορεῖν,
563 1166 602 1196 de
626 1172 770 1197 accusato
797 1166 1026 1198 criminationes

342 1212 397 1236 aut
412 1209 539 1239 easdem
556 1215 609 1240 aut
624 1210 700 1240 alias
721 1210 753 1240 iu
776 1215 911 1240 actorem
934 1215 1026 1240 retor-

342 1256 469 1290 quente.
487 1254 540 1287 25,
554 1257 606 1284 24.

297 1291 495 1334 ἀντικρούσεις,
518 1295 702 1325 vocabulum
723 1296 913 1337 ambiguum,
938 1296 970 1326 in
994 1306 1025 1326 re

342 1336 472 1373 musica,
487 1338 542 1368 sed
561 1343 594 1368 et
616 1339 648 1368 in
671 1349 702 1369 re
725 1339 807 1380 turpi
829 1344 1023 1380 usurpatum.

344 1379 398 1414 24,
416 1381 446 1409 9.

298 1420 579 1463 ἀντιπαρατίιττειν]
606 1423 947 1465 ἀντιπαρατεταγμένους
961 1423 1026 1466 πρὸς

339 1465 390 1495 τὴν
408 1465 513 1495 τούτων
529 1466 682 1504 ἀσέλγειαν
697 1469 761 1502 τοὺς
782 1470 833 1502 τῆς
856 1468 964 1502 πόλεως
981 1468 1025 1498 εὖ·

339 1506 467 1546 εξγέτας.
487 1511 540 1548 90,
558 1512 608 1540 16.

297 1551 501 1591 ἀντιπςάττειν
516 1555 600 1592 μετὰ
622 1555 676 1582 τῶν
691 1552 834 1594 βαρξάξων
847 1554 907 1588 τοῖς
916 1551 1025 1583 Ἓλλη-

340 1604 395 1623 σιν.
411 1597 465 1631 90,
479 1598 530 1626 30.

296 1636 493 1678 ἀντιτάττειν]
519 1637 651 1679 ὑμέτερόν
667 1638 747 1669 ἐστιν
762 1637 835 1679 ἔργον
849 1637 916 1678 πξός
927 1638 1025 1667 ταῦτα

339 1680 566 1722 ἀντιτετάχθαι,
597 1683 759 1717 obsistere,
775 1691 960 1722 repugnare,
992 1681 1025 1711 in

340 1723 408 1753 acie
422 1725 511 1765 quasi
527 1730 635 1755 contra
650 1731 742 1756 stare.
759 1726 813 1759 25,
828 1727 860 1754 8.
884 1724 1024 1753 ἀντιτάτ-

339 1776 399 1796 τειν
417 1766 463 1797 τὸν
477 1768 566 1807 νόμον,
582 1768 750 1808 cupiditati
764 1767 951 1809 cujusquam
966 1777 1024 1809 op-

338 1819 457 1849 ponere
474 1811 584 1852 legem.
602 1813 657 1847 56,
674 1815 704 1842 8.

298 1852 485 1884 ἀντιτιθέναι.
503 1857 557 1891 89,
572 1856 625 1884 36.

297 1895 367 1935 ἀνω]
392 1894 505 1937 ἐξαίρειν
520 1898 574 1926 ἀνω
590 1896 622 1925 τὸ
638 1897 775 1936 πςάγμα.
793 1898 846 1931 29,
865 1898 917 1928 24.
939 1907 1024 1937 προα-

340 1940 435 1976 γαγὼν
448 1939 546 1980 μικρὸν
557 1940 611 1969 ἀνω
625 1942 680 1969 τῶν
692 1940 885 1980 πραγμάτων.
899 1941 953 1974 32,
969 1942 1021 1970 41.

295 1981 449 2021 ἀνωμαλία
462 1985 513 2018 τῆς
524 1982 701 2023 κατηγορίας.
712 1986 765 2020 29,
782 1986 832 2013 11.
856 1982 1023 2023 ἀνωμαλίαν

340 2025 428 2054 αὐτοῦ
440 2026 488 2055 καὶ
501 2026 600 2065 φθόνον.
613 2029 666 2062 35,
679 2029 708 2057 6.

296 2067 380 2109 ἀξία]
404 2068 586 2100 ἀποδίδοσθαι
609 2071 660 2104 τῆς
680 2067 774 2108 ἀξίας,
802 2069 898 2110 digno
922 2068 1021 2110 pretio

342 2112 488 2143 vendere.
506 2116 559 2148 13,
571 2116 623 2143 40.

296 2152 454 2196 ἀξιόλογος]
479 2157 534 2190 τὰς
564 2157 663 2197 δωρεὰς
690 2156 728 2189 εἶς
756 2154 863 2189 βελτίω
888 2154 1022 2193 σώματα

338 2198 386 2226 καὶ
397 2198 629 2240 ἀξιολογωτέρους
642 2198 737 2239 ἄνδρας
747 2198 912 2229 ἀπόθεσθε.
927 2200 979 2234 90,
988 2201 1019 2228 4.

298 2239 388 2281 ἄξιος]
413 2241 519 2272 οἴκοθεν
544 2241 576 2271 ἐκ
602 2244 652 2272 τοῦ
675 2240 735 2275 Βίου
762 2241 1020 2282 δεδοκιμασμένους

340 2283 433 2322 ἀξίους
448 2287 501 2318 τῆς
517 2284 635 2319 ’πόλεως
650 2285 728 2315 εῖναι.
743 2287 799 2320 43,
814 2288 844 2315 4.
868 2284 946 2325 ὀργῆς
963 2296 1020 2324 με-

339 2328 431 2365 γάλης
442 2326 513 2358 ’ἦσαν
529 2328 611 2367 ἄξιοι.
625 2331 678 2364 63,
692 2332 743 2359 10.
768 2328 842 2367 ἀξιον
857 2327 879 2357 δ’
891 2327 957 2357 ἐστὶ
970 2327 1018 2357 καῖ

341 2372 391 2400 τὴν
407 2370 510 2402 τούτου
525 2370 712 2402 ἀπαιδευσίαν
727 2371 881 2413 θεωρῆσαι.
899 2373 951 2406 88,
966 2375 1017 2402 14.

299 2411 465 2454 ἀξιόχρεως]
488 2413 646 2452 ἐπανάγειν
666 2413 749 2444 αὐτὸν
764 2415 893 2444 κελεύετε
910 2414 1019 2444 καὶτὸν

339 2457 418 2494 λόγον
429 2457 467 2490 εἰς
476 2457 534 2491 Βίον
548 2457 698 2499 ἀξιόχρεων
711 2458 758 2487 καὶ
769 2457 867 2498 τξόπον
878 2457 1016 2498 σώφρονα.

344 2502 398 2535 89,
418 2502 469 2531 18.

297 2541 431 2582 ἀξίωμα]
458 2543 655 2574 ὑποπτήσσειν
670 2543 788 2582 ἀξίωμά
812 2554 895 2577 τινος.
914 2545 966 2579 42,
984 2547 1012 2573 1.

342 2586 500 2625 περιτιθεὶς
521 2585 555 2616 τό
574 2585 693 2627 ἀξίωμα
716 2588 768 2620 τῆς
783 2586 892 2621 πόλεως
914 2593 1014 2626 Δημο-

340 2628 447 2659 σθένει.
464 2632 517 2665 87,
533 2632 586 2660 40.

297 2669 426 2711 ἀξίωσις,
441 2672 618 2713 postulatio.
632 2671 801 2714 μεταφέρειν
816 2670 940 2712 ἀξίωσιν.
957 2673 1011 2709 85,

293 2756 437 2798 ἀόριστος]
461 2758 482 2787 οἱ
499 2757 582 2788 ἄλλοι
600 2756 739 2798 ἀλαζόνες,
756 2757 823 2788 δ’ταν
844 2768 873 2787 τι
891 2756 1010 2794 ψεύδων-

338 2813 398 2837 ται,
415 2801 534 2841 ἀόξιστα
552 2801 602 2832 καῖ
618 2802 720 2841 ἀσαφῆ
737 2803 885 2843 πειρῶνται
907 2800 1007 2839 λέγειν.

340 2847 394 2879 67,
410 2846 462 2875 36.

294 2886 499 2924 ἀπαγγέλλειν
515 2889 563 2918 τὴν
578 2886 738 2929 πρεσβείαν,
750 2886 937 2929 renunciare.
953 2890 1009 2924 30,

341 2932 392 2959 17.
408 2928 454 2959 ἐπὶ
469 2930 629 2970 κεφαλαίων
640 2929 865 2971 ἀπηγγείλαμεν
880 2931 928 2961 τήν
940 2941 1007 2970 ‘nes-

335 2971 442 3006 σβείαν.
473 2975 526 3008 34,
552 2976 581 3005 7.
619 2975 767 3015 μυστήρια
793 2973 1007 3012 ἀπαγγέλλειν.

338 3016 390 3052 45,
405 3016 523 3058 penult.
538 3016 638 3058 (conf.
653 3028 731 3050 vers.
747 3019 800 3048 38.
818 3017 871 3048 ubi
885 3021 930 3049 est
945 3030 1005 3057 μυ-

742 195 938 240 INDEX
972 195 1358 240 GRAECITATIS

1111 315 1168 335 στη
1173 305 1300 346 praba-asae,-
1310 302 1440 337 σπονδὰς
1454 301 1672 345 ἀπαγγέλλειν)
1682 305 1779 344 ἀπαγ.

1110 346 1224 386 γέλλειν
1241 346 1311 379 νίκην
1333 348 1384 381 τῆς
1404 346 1520 380 πόλεως.
1537 347 1591 382 50,
1607 349 1659 378 42.
1681 349 1780 386 ἀπαγ-

1109 389 1221 428 γέλλειν
1241 392 1358 432 πρῶτος
1379 389 1429 421 τὴν
1453 386 1534 420 νίκην.
1546 389 1668 420 videtur
1690 391 1780 422 moris

1109 433 1218 470 fuisse,
1244 439 1290 469 ut,
1313 433 1368 475 qui
1390 433 1505 474 primus
1531 432 1692 463 victoriam
1712 443 1781 474 par-

1109 480 1171 507 tam
1188 477 1308 518 populo
1324 475 1536 512 annunciaret,
1552 485 1667 505 corona
1688 476 1780 506 coho-

1108 525 1283 550 nestaretur
1300 530 1402 550 aurea.
1422 521 1476 555 51,
1490 521 1521 549 4.
1543 517 1713 558 κατόςθωσιν
1727 521 1781 549 τῶν

1109 562 1251 604 ὑμετέρων
1266 562 1371 593 παίδων
1386 560 1580 600 ἀπαγγείλας.
1594 564 1649 598 51,
1662 562 1693 592 5.

1065 606 1202 648 ἀπάγειν]
1218 603 1386 644 ἀπάγεσθαί
1397 616 1456 640 ποι,
1468 604 1500 635 in
1513 604 1697 645 flagitiosum
1712 614 1780 635 sen-

1109 659 1176 679 sum
1200 650 1366 679 detortum.
1389 651 1442 684 11,
1457 650 1510 679 37.
1532 648 1667 686 ἀπάγειν,
1690 648 1782 677 redu-

1108 702 1188 728 cere,
1201 692 1361 723 restituere
1375 702 1424 727 e0,
1437 691 1520 721 unde
1532 691 1714 721 abstuleras.
1725 693 1779 727 20,

1109 738 1160 766 10.
1176 738 1228 766 16.
1251 734 1362 765 ἄπωθεν
1377 736 1455 775 ὑμᾶς
1472 735 1641 773 ἀπαγαγὼν
1657 732 1715 764 ἀπὸ
1729 735 1780 763 τοῦ

1106 778 1292 820 κλέμματος.
1310 781 1363 815 68,
1378 781 1407 808 1.
1430 777 1552 816 ἀπάγειν
1567 777 1604 810 εἰς
1619 775 1653 806 τὸ
1666 776 1780 816 δεσμω-

1106 821 1204 862 τήριον.
1223 824 1277 858 75,
1293 824 1324 852 2.

1063 865 1242 906 ἀπαγορεύειν
1253 867 1295 905 μὴ
1311 863 1434 902 ἀνοίγειν,
1445 863 1641 897 interdicere,
1654 872 1692 892 ne
1706 872 1781 903 ape-

1105 908 1195 938 riant.
1219 911 1251 944 2,
1269 911 1320 939 22.
1344 906 1392 937 {vr'
1411 906 1490 945 αὐτῷ
1515 903 1649 944 τούτῳ,ὃ
1666 906 1779 944 ἀπαγο-

1106 951 1172 992 ρεύει
1184 952 1196 981 ὅ
1210 951 1292 992 νόμος
1304 952 1347 991 μὴ
1359 950 1508 991 πράττειν.
1525 951 1557 984 6,
1570 951 1623 980 22.

1062 992 1244 1024 ἀπαιδευσία.
1272 997 1326 1031 42,
1353 993 1407 1024 ult.
1436 994 1490 1028 48,
1513 993 1566 1023 38.
1599 989 1780 1022 ἀπαιδευσία

1105 1037 1185 1074 δεινὴ,
1198 1048 1297 1068 mores
1320 1036 1468 1077 majorem
1484 1036 1517 1065 in
1536 1034 1662 1065 modum
1677 1035 1779 1070 crudi,

1104 1080 1269 1112 illiberales
1286 1086 1318 1111 et
1340 1080 1501 1110 immanes.
1525 1081 1576 1113 18,
1593 1080 1645 1110 36.
1668 1077 1742 1116 ἀξιον
1756 1077 1780 1107 δ’

1103 1122 1171 1154 ἐστὶ
1186 1124 1234 1154 καὶ
1250 1126 1298 1156 την
1318 1123 1421 1154 τούτου
1435 1121 1618 1154 ἀπαιδευσίαν
1631 1119 1778 1161 θεωρῆσαι.

1105 1169 1159 1203 88,
1177 1170 1228 1198 14.

1060 1210 1230 1247 ἀπαίδευτος
1263 1208 1418 1251 μαρτυρία,
1447 1206 1578 1240 formula
1608 1205 1778 1237 testimonii

1103 1254 1209 1284 crudis
1225 1259 1257 1284 et
1279 1252 1465 1294 importunis
1489 1256 1644 1291 concepta
1664 1250 1778 1281 verbis.

1102 1298 1136 1331 7,
1154 1300 1205 1327 12.
1228 1296 1355 1338 ἄμουσός
1373 1307 1419 1330 τις
1444 1293 1523 1329 οὗτος
1536 1294 1585 1324 καὶ
1601 1292 1778 1328 ἀπαίδευτος

1102 1339 1251 1381 ἄνθρωπός
1278 1339 1355 1376 ἐστι,
1381 1339 1522 1370 inficetus
1550 1342 1582 1368 et
1609 1336 1776 1367 illiberalis.

1104 1386 1158 1417 24,
1172 1385 1202 1414 2.

1059 1425 1241 1461 ἀπαιδεύτως
1256 1423 1456 1463 διαλέγεσθαι.
1471 1426 1510 1454 87
1515 1423 1591 1460 ,ult.

1060 1466 1188 1509 ἀπαίξειν
1218 1468 1266 1499 ἐπὶ
1294 1465 1457 1508 πρεσβείαν,
1486 1467 1578 1497 domo
1611 1464 1776 1506 proficisci,

1103 1511 1259 1542 obeundae
1274 1511 1437 1552 legationis
1461 1520 1545 1550 erge.
1562 1510 1616 1544 39,
1632 1511 1663 1539 6.
1687 1509 1776 1539 ἀπαί-

1102 1564 1163 1594 ςειν,
1172 1555 1204 1582 ἰη
1214 1555 1294 1582 viam
1306 1563 1337 1582 se
1348 1553 1435 1588 dare,
1446 1552 1505 1582 iter
1519 1551 1648 1592 ingredi.
1661 1552 1714 1588 64,
1724 1555 1776 1583 10.

1059 1595 1208 1636 ἀπαιτεῖν]
1231 1596 1350 1636 ’.πρώτην
1373 1596 1457 1636 χάριν
1483 1596 1612 1630 ἀπαιτῶ,
1644 1595 1775 1634 primam

1101 1638 1182 1670 hanc
1207 1639 1344 1678 deposco
1363 1639 1503 1679 gratiam,
1519 1638 1572 1679 qui
1597 1638 1774 1670 meritorum

1101 1692 1239 1712 meorum
1262 1682 1378 1712 nullam
1402 1687 1475 1712 ante
1497 1682 1558 1712 hoc
1582 1686 1703 1721 tempus
1719 1693 1774 1712 vos

1101 1726 1310 1766 poposcerim.
1327 1728 1380 1759 51,
1400 1727 1430 1755 6.
1455 1722 1630 1765 ’προσδοκίας
1645 1724 1678 1754 τὸ
1701 1723 1775 1765 ’έςγον

1099 1770 1164 1799 τινά
1179 1769 1325 1800 ἀπαιτεῖν.
1347 1771 1402 1804 52,
1417 1771 1470 1799 10.
1494 1767 1612 1798 ἀπαίτει
1627 1767 1674 1798 τὸν
1689 1768 1774 1809 δῆμον

1100 1813 1156 1846 τὰς
1171 1813 1309 1853 χάξιτας.
1325 1813 1379 1846 81,
1395 1814 1447 1841 10.

1057 1853 1225 1894 ἀπαλείφειν
1246 1867 1277 1885 τι
1293 1857 1347 1885 τῶν
1368 1851 1535 1895 δεδογμένων
1555 1852 1618 1895 mg?
1638 1855 1690 1889 τῆς
1704 1854 1773 1895 eigai-

1101 1908 1155 1932 νης.
1170 1901 1225 1933 49,
1241 1900 1295 1929 36.

1056 1940 1276 1982 ἀπαλλάττειν]
1300 1940 1556 1971 ἀπαλλάττεσθαι
1571 1938 1603 1969 ἐκ
1618 1938 1732 1975 παίδων,
1754 1951 1772 1971 e

1099 1985 1203 2024 pueris
1225 1984 1385 2015 excedere.
1408 1986 1440 2020 6,
1456 1986 1509 2014 16.
1525 1985 1579 2018 50,
1595 1985 1647 2014 32.
1674 1984 1774 2013 ἀπαλ-

1100 2026 1264 2058 λάττετθαι
1280 2028 1360 2067 παςά
1373 2038 1456 2063 τινος,
1473 2028 1512 2058 ab
1529 2026 1632 2065 aliquo
1646 2026 1774 2063 dimitti,

1099 2075 1131 2100 et
1147 2071 1208 2100 alio
1221 2071 1350 2112 migrare
1361 2070 1476 2112 juberi.
1493 2072 1524 2107 8,
1539 2072 1593 2101 20.
1608 2070 1772 2101 ἀπαλλάτ-

1099 2113 1208 2144 τεσθαι
1230 2112 1296 2143 ἀωό
1318 2124 1399 2148 τινος.
1424 2116 1456 2150 9,
1477 2117 1507 2145 2.
1538 2113 1773 2152 καταγελάστως

1099 2157 1314 2192 ἀπαλλάττειν,
1337 2156 1477 2193 ridicule,
1505 2167 1574 2187 curn
1598 2156 1770 2187 deridiculo

1097 2209 1115 2230 e
1132 2200 1259 2239 negotio
1275 2201 1434 2231 excedere.
1449 2202 1503 2236 33,
1517 2202 1568 2230 17.
1593 2199 1655 2230 οὔτε
1679 2198 1771 2234 πόλις

1096 2241 1156 2272 οὔτ’
1170 2243 1280 2277 ἰδιώτης
1295 2244 1357 2284 ἀνὴρ
1372 2243 1489 2273 πώποτε
1504 2245 1600 2278 καλῶς
1615 2242 1769 2281 ἀπήλλαξε

1095 2285 1260 2327 (prospere
1276 2286 1342 2317 sine
1354 2296 1434 2316 noxa
1447 2287 1606 2326 discessit)
1619 2284 1769 2326 Δημοσθέ-

1094 2339 1129 2358 νει
1144 2329 1302 2368 συμβούλῳ
1317 2330 1507 2371 χρησάμενος.
1523 2331 1579 2365 76,
1592 2333 1622 2361 8.

1051 2371 1259 2413 ἀπαλλοτριοῦν
1273 2372 1332 2403 ἀπό
1347 2371 1437 2408 τινος.”
1447 2375 1500 2409 29,
1518 2375 1570 2402 20.

1050 2413 1199 2445 ἀπάνευθεν
1210 2413 1327 2455 ἑταίρων
1336 2413 1436 2456 φίλων.
1447 2418 1500 2451 21,
1513 2419 1543 2446 2.
1561 2414 1659 2445 ὄστῶν.
1675 2416 1728 2450 21,
1737 2416 1768 2445 9.

1050 2458 1196 2499 ἀπαντᾷν]
1218 2458 1323 2498 μείζων
1344 2459 1459 2489 ἀπήντα
1474 2458 1565 2497 γέλως
1588 2458 1670 2497 μετὰ
1686 2457 1769 2496 θορύ-

1093 2502 1152 2535 Bou.
1173 2504 1226 2538 12,
1243 2505 1295 2532 11.
1317 2504 1423 2542 κραυγὴ
1446 2503 1546 2532 ’τετολλῆ
1564 2502 1643 2541 παςά
1658 2503 1712 2529 τῶν
1728 2500 1768 2530 δι-

1090 2547 1207 2574 καστῶν
1227 2545 1438 2575 ἀπαντήσεται.
1464 2547 1516 2580 23,
1534 2545 1586 2574 31.
1618 2541 1691 2572 ὥστ’
1712 2542 1767 2573 οὐδ’

1091 2586 1310 2618 ἀπαντήσεσθαί
1329 2599 1369 2628 με
1389 2587 1437 2618 ἐπὶ
1458 2586 1491 2617 τὸ
1507 2586 1693 2626 δικαστήριον.
1712 2588 1765 2622 24,

1091 2641 1164 2671 pen.
1188 2630 1330 2671 ἀπαντᾷἷν
1345 2630 1411 2672 πρὸς
1425 2630 1515 2668 λόγον,
1532 2629 1693 2666 devenire,
1710 2630 1766 2660 de-

1089 2673 1158 2704 ferri
1185 2674 1324 2705 oratione
1349 2674 1390 2703 ad
1415 2673 1516 2703 locum
1541 2673 1686 2712 aliquem.
1711 2675 1765 2709 34,

1073 2719 1125 2746 22.
1152 2717 1195 2757 μίι
1223 2728 1272 2756 μοι
1297 2715 1366 2757 παρ’
1385 2717 1464 2756 ὑμῶν
1486 2716 1640 2756 ἀπαντήσῃ
1659 2714 1694 2744 τὸ
1719 2715 1761 2744 δο-

1087 2760 1153 2790 κεῖν.
1170 2762 1223 2795 61,
1241 2762 1271 2790 9.
1294 2760 1440 2800 ἀπαντςῖν,
1465 2769 1637 2794 occurrere,
1654 2758 1764 2789 subve-

1086 2803 1152 2833 nire
1182 2802 1272 2833 alicui
1302 2802 1513 2839 incommodo,
1544 2800 1694 2833 molestiae
1723 2812 1761 2832 ex

1087 2845 1191 2886 aliqua
1203 2856 1236 2875 re
1255 2844 1333 2876 male
1347 2851 1433 2886 gesta
1443 2846 1492 2876 vel
1506 2855 1671 2887 perperam
1687 2854 1762 2874 con-

1085 2888 1194 2919 stituta
1217 2889 1387 2920 exsistenti.
1415 2891 1468 2925 63,
1489 2891 1542 2920 30.
1573 2887 1704 2926 ἀπαντᾷίν
1724 2887 1763 2921 εἷς

1084 2933 1134 2962 τὴν
1156 2931 1286 2972 τίμησιν,
1308 2931 1455 2963 devenire
1481 2933 1521 2963 ad
1545 2931 1606 2962 litis
1626 2929 1760 2961 aestima-

1083 2975 1209 3005 tionem.
1231 2978 1284 3012 82,
1301 2978 1353 3007 21.

1040 3017 1239 3059 ἀπαράσκευος
1265 3018 1420 3059 πολεμεῖν.
1447 3019 1502 3055 63,
1524 3019 1574 3049 3¹7.
1601 3013 1758 3057 προσέμιξε
