1982 3340
350 206 452 247 xxvi
854 207 905 248 O.
939 206 986 248 F.
1020 204 1314 248 MATTHAEI

349 313 388 350 in
409 313 484 351 hoc
504 313 615 352 loco:
643 312 759 360 (ibid.
781 315 812 360 ξ.
835 313 902 351 λδ.
925 320 1013 352 ante
1036 314 1155 363 med.)
1207 314 1416 366 Νικόδημος
1437 314 1465 352 δ’
1485 317 1504 352 ὁ
1523 314 1743 367 Ἀφιδναῖος
1758 313 1820 352 ὑπ’

345 375 599 427 Ἀριστάρχου
618 377 848 421 τετελεύτηκε
867 374 981 428 βιαίῳ
1001 375 1166 428 θανάτῳ,
1186 377 1346 420 ἐκκοπεὶς
1368 378 1386 414 ὁ
1406 376 1566 419 δείλαιος
1586 378 1816 428 ἀμφοτέρους

346 438 433 480 τοὺς
462 436 685 489 ὀφθαλμοὺς
715 439 774 474 καὶ
804 440 872 483 τὴν
902 440 1079 486 γλῶτταν
1108 438 1353 490 ἀποτμηθεὶς,
1377 437 1401 495 ᾗ
1428 439 1727 489 ε’παῤῥησιᾶζετο,
1756 454 1817 476 πι-

347 499 485 537 στεύων
506 504 582 542 τοῖς
611 501 741 549 νόμοις
763 500 821 536 καὶ
841 500 942 550 ὑμῖν,
985 500 1036 537 Et
1057 500 1310 550 reprehensio
1330 501 1518 551 neglectae
1551 499 1726 538 utilitatis
1747 512 1816 550 pu-

346 559 462 598 blicae
483 560 522 598 in
543 560 603 598 his
624 560 774 599 verbis:
796 562 844 609 (κ.
865 560 1028 613 Κτησιφ.
1049 570 1080 613 ξ.
1100 560 1175 609 4β’.
1196 561 1282 612 fin.)
1302 561 1519 614 ἀπέρχεσθε
1539 562 1578 600 ἐκ
1596 567 1669 600 τῶν
1688 562 1817 607 ἐκκλη-

346 628 437 659 σιῶν
457 625 499 660 οὺ
518 620 831 673 βουλευσάμενοι,
857 623 944 660 ἀλλ’
963 625 1086 675 ὥσπερ
1106 624 1145 662 ἐκ
1162 631 1236 662 τῶν
1253 624 1394 675 ἐράνων
1420 626 1466 662 τὰ
1486 624 1664 675 περιόντα
1688 623 1816 672 νειμά-

343 700 460 734 μενοι.
507 684 558 723 Et
577 684 627 723 de
648 684 872 731 Timarcho,
896 685 964 736 qui
983 686 1189 736 imperium
1216 686 1341 725 Andri
1365 686 1511 737 injuste
1538 692 1579 724 et
1602 698 1717 724 avare
1743 683 1814 722 ad-

344 744 653 785 ministraverat:
677 750 731 796 (κ.
752 746 921 799 Τιμάρχ.
942 755 972 798 ξ.
995 747 1084 797 κβ.)
1105 748 1281 800 εὒπορίαν
1300 751 1344 803 τῇ
1364 746 1542 800 βδελυρίᾳ
1561 748 1646 791 τοὺς
1669 747 1815 798 συμμά-

341 823 436 857 χους
457 809 542 852 τοὺς
561 810 758 860 ὑμετέρους
782 812 1016 861 ποιούμενος.

907 946 1111 990 SECT.
1158 946 1253 990 IX.

926 1055 994 1094 De
1012 1056 1231 1108 gravitate.

390 1141 492 1186 Quae
513 1140 639 1180 oratio
662 1141 830 1180 dicentis
855 1141 1099 1180 honestatem
1129 1141 1289 1188 indicat,
1311 1141 1538 1192 dignitatem
1560 1154 1641 1192 prae
1661 1155 1700 1180 se
1721 1141 1811 1188 fert,

336 1208 377 1241 et
396 1203 695 1242 adhortationes
718 1204 768 1242 ad
789 1205 973 1244 virtutem
993 1204 1184 1249 continet,
1206 1217 1253 1243 ea
1271 1204 1398 1255 gravis
1428 1204 1660 1256 appellatur.
1709 1205 1810 1249 Quae

335 1266 521 1316 gravitas,
543 1266 619 1305 etsi
644 1267 813 1307 maxima
832 1282 879 1306 ex
905 1273 1018 1319 parte
1037 1267 1075 1305 in
1103 1266 1296 1305 sententia
1316 1267 1507 1312 consistit,
1528 1266 1736 1316 adjuvatur
1755 1272 1812 1304 ta·-

335 1340 424 1366 men
443 1329 651 1367 verborum
675 1329 897 1381 granditate
918 1336 959 1369 et
979 1329 1277 1380 compositionis
1298 1335 1438 1368 ornatu
1460 1327 1658 1380 dignitatis
1679 1328 1812 1379 pleno.

336 1389 464 1433 Quam
486 1391 538 1429 ob
564 1391 748 1430 virtutem
776 1392 964 1430 notabilis
983 1398 1044 1430 est
1073 1391 1183 1430 locus
1205 1391 1416 1440 AEschinis,
1441 1391 1507 1429 nbi
1523 1390 1681 1441 judices
1703 1404 1811 1428 com-

334 1452 597 1490 memorandis
614 1453 810 1491 clarorum
827 1453 996 1492 virorum
1018 1452 1205 1504 exemplis
1225 1452 1275 1491 ad
1293 1453 1488 1503 justitiam
1508 1459 1548 1491 et
1564 1452 1810 1491 severitatem

333 1513 525 1552 hortatur.
547 1516 595 1563 (κ.
615 1515 780 1567 Κτησιφ.
799 1524 832 1566 ξ.
849 1518 921 1566 ςέ.)
950 1516 1042 1553 ὅταν
1062 1514 1091 1552 δ’
1110 1516 1172 1552 ἐπὶ
1191 1518 1363 1560 τελευτῆς
1380 1514 1450 1562 ἤδη
1471 1519 1536 1553 τοῦ
1556 1516 1677 1563 λόγου
1697 1531 1810 1561 συνη-

333 1577 468 1627 γόρους
496 1575 580 1619 τοῦς
612 1575 811 1619 κοινωνοὺς
838 1588 914 1615 τῶν
946 1575 1257 1627 δωροδοκημάτων
1285 1577 1384 1627 αὐτῷ
1414 1579 1616 1631 παρακαλῇ
1644 1575 1810 1634 (Demo-

330 1637 505 1687 sthenes)
530 1637 822 1690 ὑπολαμβάνετε
853 1640 948 1690 ὁρᾷν
978 1638 1039 1676 ἐπὶ
1069 1642 1133 1676 τοῦ
1161 1636 1345 1689 βήματος,
1377 1636 1420 1676 οὗ
1450 1642 1518 1676 νῦν
1547 1637 1710 1685 ἑστηκὼς
1735 1638 1810 1687 ἐγὼ

328 1701 443 1750 λέγω,
464 1703 913 1751 ἀντιπαρατεταγμένους
937 1700 1031 1750 πρὸς
1057 1702 1126 1744 τὴν
1145 1700 1283 1737 τοῦτων
1303 1701 1525 1748 ἀσέλγειαν,
1548 1700 1635 1743 τούς
1655 1709 1721 1746 τῆς
1740 1701 1809 1738 πό-

328 1764 422 1805 λεως
442 1763 655 1814 εὐεργέτας,
686 1761 842 1799 Σόλωνα
870 1761 952 1812 μὲν,
981 1761 1047 1799 τὸν
1074 1762 1296 1803 καλλίστοις
1319 1762 1448 1811 νόμοις
1476 1764 1721 1811 κοσμήσαντα
1740 1764 1808 1807 τὴν

329 1823 592 1876 δημοκρατίαν,
634 1823 750 1873 ἄνδρα
787 1825 1007 1876 φιλόσοφον,
1048 1825 1107 1861 καὶ
1147 1821 1351 1874 νομοθέτην
1390 1822 1556 1871 α’γαὲὸν,
1593 1825 1806 1876 σωφρόνως,

329 1889 450 1938 ὥσπερ
470 1893 654 1937 προσῆκεν
680 1887 792 1937 αὐτῷ,
818 1885 993 1937 δεόμενον
1012 1886 1127 1936 ὑμῶν,
1148 1884 1276 1936 μηδενὶ
1295 1886 1416 1937 τρόπῳ
1437 1884 1521 1928 τοῦς
1542 1884 1807 1937 Δημοσθένους

328 1951 467 1997 λόγους
483 1950 565 1998 περὶ
582 1948 755 1992 πλείονος
774 1949 1004 1993 ποιήσασθαι
1018 1954 1090 1986 τῶν
1107 1946 1222 1999 ὅρκων
1242 1949 1303 1985 καὶ
1321 1954 1394 1986 τῶν
1412 1949 1551 1998 νόμων·
1566 1947 1806 1998 Ἀριστείδην

328 2010 364 2049 δὲ
384 2016 461 2049 etc.
520 2010 558 2049 Si
586 2010 689 2048 enim
709 2023 938 2061 magnorum
958 2011 1130 2049 virorum
1153 2009 1260 2048 sacta
1289 2022 1468 2059 magnam
1489 2009 1636 2047 habent
1662 2010 1738 2048 vim
1765 2010 1805 2049 in

326 2073 477 2112 animos
497 2072 727 2121 legentium,
749 2072 887 2124 quidni
907 2086 1044 2111 eorum
1063 2085 1138 2110 vox
1165 2078 1204 2110 et
1233 2072 1460 2111 adhortatio
1491 2077 1529 2110 et
1555 2085 1690 2123 preces
1718 2086 1806 2123 gra-

326 2134 458 2173 vitatis
488 2135 615 2185 plenae
638 2134 846 2173 videantur
866 2134 1149 2173 audientibus?
1192 2135 1295 2185 Ergo
1316 2134 1397 2172 sine
1429 2134 1533 2172 omni
1557 2134 1804 2173 dubitatione

327 2197 415 2235 haec
433 2196 626 2236 sententia
646 2201 686 2234 et
706 2197 895 2235 orationis
917 2202 1112 2236 structura
1133 2196 1362 2248 gravitatem
1378 2197 1511 2236 habet.
1543 2196 1652 2241 Quid
1674 2195 1803 2235 dicam

326 2260 376 2298 de
397 2260 556 2298 verbis?
585 2259 730 2298 Nonne
751 2260 980 2311 gravissima
1009 2260 1095 2298 haec
1124 2261 1578 2311 ἀντιπαρατεταγμένους,
1600 2261 1800 2308 α’σέλγεια,

327 2324 603 2376 σχετλιάζοντα
636 2323 697 2359 ἐπὶ
729 2327 778 2375 τῷ
814 2329 879 2368 τῆς
914 2322 1148 2369 δικαιοσύνης
1180 2323 1491 2373 προπηλακισμῷ,
1526 2321 1803 2368 εἰναστενὰξαι;

326 2384 478 2422 Rursus
499 2384 576 2422 alio
597 2386 635 2423 in
656 2386 745 2423 loco
765 2386 814 2433 (κ.
833 2384 1002 2436 Τιμάρχ.
1024 2390 1056 2434 ξ.
1080 2382 1135 2421 ιδ’.
1157 2384 1279 2432 med.)
1299 2383 1358 2421 διοὶ
1378 2383 1415 2421 τί
1433 2381 1500 2423 οὗν
1519 2383 1632 2422 αὑτὸν
1657 2383 1803 2434 (Hege-

325 2445 525 2492 sandrum,
546 2446 763 2493 Timarchi,
784 2445 953 2484 hominis
973 2445 1115 2496 impuri
1135 2451 1174 2483 et
1191 2445 1406 2493 libidinosi,
1428 2446 1593 2495 socium)
1614 2447 1716 2483 καλω
1739 2445 1801 2483 ἐπὶ

325 2510 392 2553 τὴν
421 2509 653 2559 μαρτυρίαν;
692 2508 740 2546 ἵν’
769 2509 860 2558 ὑμῖν
892 2506 1064 2553 ἐπιδείξω,
1097 2507 1198 2551 οἵους
1229 2508 1479 2559 ἀπεργάζεται
1509 2510 1728 2559 ἀνθρώπους
1757 2506 1799 2545 τὸ

324 2570 551 2623 ἐπιτήδευμα
578 2570 741 2621 (libido)
770 2574 893 2615 τοῦτο,
913 2573 964 2612 ὡς
989 2574 1315 2622 καταφρονοῦντας
1340 2569 1409 2622 μὲν
1435 2577 1509 2608 τῶν
1537 2572 1644 2621 θεῶν,
1670 2571 1800 2620 ὕπερο-

323 2640 468 2683 ρῶντας
489 2634 526 2672 δὲ
543 2635 630 2678 τοὺς
650 2636 800 2686 νόμους,
817 2633 1009 2684 ὀλιγώρως
1026 2631 1062 2670 δὲ
1082 2631 1245 2683 ἔχοντας
1264 2633 1357 2683 πρὸς
1375 2635 1532 2672 ἅπασαν
1553 2633 1754 2684 αἰσχύνην.
1796 2678 1802 2686 ι

897 2765 1098 2808 SECT.
1143 2767 1212 2809 X.

925 2856 992 2895 De
1013 2855 1195 2896 audacia.

375 2937 579 2977 Orationis
610 2936 776 2975 audacia
805 2934 996 2987 imprimis
1025 2935 1106 2974 vim
1137 2934 1306 2973 dicentis
1335 2933 1525 2973 declarat.
1582 2933 1662 2978 Qui
1692 2933 1792 2972 enim

319 3014 470 3053 semper
493 3000 600 3038 humi
620 3000 735 3051 repit,
753 3005 860 3039 tutus
881 2999 945 3038 ille
968 2997 1129 3049 quidem
1146 3010 1169 3037 a
1186 2996 1298 3049 lapsu
1319 3001 1391 3045 est,
1408 2995 1476 3035 sed
1493 2995 1792 3036 admirationem
