1916 3340
242 189 253 207 l

335 166 447 214 344

324 278 368 298 me
387 278 502 308 aequum
523 277 647 303 censere,
671 273 706 298 ut
725 267 824 298 Thebae
847 270 905 298 sint
925 267 1046 302 Boeotia,

323 310 353 340 h.
371 321 398 340 e.
416 311 444 340 in
465 312 535 350 jure
559 316 650 350 atque
673 316 828 350 potestate
849 311 991 347 Boeotiae,
1016 317 1047 341 et

323 354 457 384 universi
475 355 581 393 populi
593 354 727 384 Boectioi
739 354 940 394 pronuntiatis
957 365 1047 392 pare-

320 401 383 431 ant,
404 398 487 427 velut
504 399 671 427 membrum
688 398 792 437 capiti,
809 408 865 426 non
881 403 993 434 contra,
1011 403 1045 427 ut

325 439 434 469 Baeotz'a
450 442 488 470 sit
506 440 616 477 Thebae‚
633 442 662 471 h.
676 452 702 471 e.
727 440 843 470 serviat
866 440 990 470 arbitrio
1014 445 1044 470 et

336 482 342 488 ”
369 482 376 489 ’
405 483 411 489 ’
437 484 443 489 ”
732 485 790 513 Est
806 483 941 522 quidem,
961 484 1042 513 haud

321 526 403 555 enim
417 526 581 563 infitiabor,
599 527 753 566 posterius
766 527 932 556 membrum
947 527 1041 565 priori

319 569 500 605 dilucidius,
521 570 682 609 minusque
703 570 889 607 ambiguum.
937 571 1042 600 Possit

318 612 399 642 enim
413 624 428 642 e
442 613 541 652 priori
554 614 618 642 haec
632 623 751 652 quoque
764 612 868 651 colligi
880 613 1040 643 sententia.

318 656 440 685 Thebas
458 666 532 686 unas
549 657 662 686 debere
679 656 845 696 complecti
861 660 955 686 totam
967 658 1039 686 Βω-

318 698 425 736 otiam,
454 704 484 728 et
512 705 744 738 repraesentare,
771 709 886 737 suoque
912 700 1039 730 arbitrio

319 743 499 780 gubernare.
514 742 619 772 Facile
632 747 730 772 tamen
742 742 856 772 veritas
867 743 1038 780 sententiae,

318 794 409 823 quain
426 790 529 814 orator
549 786 596 814 his
613 786 715 815 verbis
733 786 863 824 prodere
881 787 1037 823 studebat,

317 837 358 857 ex
375 828 520 867 opposito
546 829 625 858 haud
643 828 788 867 ambiguo
806 829 965 859 elucescit.

361 881 393 910 p.
411 873 484 901 131.
504 881 533 900 v.
549 875 578 901 1.
592 871 752 912 πράττειν]
775 872 913 902 Subaudi
926 872 965 913 τῇ
979 872 1037 902 νοτό-

318 919 372 943 λει.
403 914 564 944 Sententia
582 915 649 945 haec
667 921 725 944 est.
771 915 932 954 Significat
947 916 1037 945 Cleo-

316 956 426 987 chares
443 968 477 987 se
494 958 610 993 mirari,
627 959 706 988 unde
719 958 823 987 subito
844 962 926 989 tanta
942 960 1039 990 exsti-

314 999 389 1029 terit
404 1001 637 1030 Atheniensium
658 1012 725 1031 cum
745 1001 888 1041 Philippo
911 1013 1039 1033 concor-

315 1042 378 1079 dia,
388 1053 446 1082 qua
465 1045 579 1074 factum
592 1044 641 1080 sit,
653 1050 686 1074 ut
700 1045 901 1075 Athenienses
916 1046 1037 1083 legatis,

314 1096 392 1124 quos
410 1087 449 1116 ad
464 1087 644 1127 Philippum
668 1089 706 1117 de
730 1098 806 1127 pace
829 1090 1038 1120 contrahenda

315 1129 482 1167 misissent,
505 1131 603 1160 nullas
620 1135 720 1160 certas
736 1131 820 1170 pacis
845 1133 1037 1164 conditiones

317 1174 574 1213 praescripserint,
601 1175 656 1204 sed
683 1175 824 1205 mandata
851 1176 953 1206 omnia
981 1178 1037 1207 hac

314 1216 404 1245 brevi
420 1222 450 1247 et
466 1227 543 1256 vaga
559 1218 714 1257 complexi
735 1218 797 1247 sint
819 1219 1036 1256 admonitione,

315 1263 350 1288 ut
366 1259 459 1299 legati
475 1271 599 1299 operam
612 1262 732 1296 darent,
745 1266 776 1290 ut
791 1266 935 1300 quantum
953 1274 1036 1293 emo-

313 1302 522 1333 lumentorum
539 1304 704 1334 conciliare
720 1310 844 1344 possent
860 1305 939 1344 reip.
954 1307 986 1336 id
1007 1307 1036 1337 ei

313 1346 483 1376 conciliare
496 1352 587 1386 atque
600 1358 617 1376 a
633 1347 775 1387 Philippo
788 1348 953 1387 impetrare
966 1360 1038 1380 con-

314 1390 488 1420 tenderent.

356 1432 433 1461 ibid.
451 1443 481 1462 v.
499 1435 529 1463 5.
545 1433 744 1474 παραδώσειν]
764 1435 816 1463 Me
833 1435 900 1464 soil.
917 1435 1038 1475 Philip-

313 1474 348 1514 pi
363 1475 523 1505 voluntate
537 1480 567 1505 et
583 1475 675 1505 armis
693 1477 869 1506 subnixum.

357 1517 383 1556 ᾧ.
402 1518 447 1548 λή.
463 1529 492 1557 p.
512 1520 584 1549 131.
603 1529 630 1548 v.
643 1522 672 1548 3.
689 1519 883 1561 διαιρούμενος]
910 1521 943 1550 Si
960 1523 1037 1552 bene

314 1561 418 1597 habet,
434 1572 494 1591 non
510 1562 677 1592 oohaerebit
693 1561 826 1593 διέέαλλε
841 1575 910 1593 cnm
931 1564 978 1594 τὸν
994 1565 1039 1594 λό-

312 1615 370 1643 γον,
386 1604 441 1634 sed
458 1605 549 1634 stabit
568 1606 695 1635 verbum
713 1606 789 1636 illud
803 1617 858 1645 per
871 1618 903 1637 se
917 1612 947 1637 et
965 1609 1036 1639 sub—

313 1647 456 1677 audietur
472 1648 561 1688 ὑμᾶς.
577 1659 634 1678 vos
653 1649 785 1687 objectis
806 1651 967 1681 calumniis
984 1653 1037 1682 de-

312 1695 434 1731 ceptoS,
459 1690 490 1720 in
520 1702 567 1720 me
590 1692 671 1721 haud
698 1693 838 1722 meritum
867 1694 1036 1733 instigabit.

312 1733 505 1773 significabit
520 1735 616 1764 dictio
633 1735 798 1776 διαιρόμενος
811 1735 857 1765 τὸν
880 1737 958 1775 λόγον
983 1749 1035 1768 co-

313 1777 413 1815 piose,
430 1777 533 1806 multis
549 1778 652 1807 verbis
674 1784 703 1808 et
720 1781 917 1818 argumentis,
934 1782 1036 1820 expli-

311 1824 391 1854 cate,
406 1831 463 1860 per
479 1821 599 1859 singula
616 1832 743 1860 quaeque
766 1823 909 1861 adjuncta
922 1825 1034 1860 eundo,

313 1874 410 1902 eaque
428 1863 586 1902 sigillatim
602 1864 778 1894 diducendo
796 1870 827 1894 et
846 1867 1035 1905 amplifican-

313 1907 367 1943 do,
390 1912 422 1936 et
446 1906 557 1936 iterum
583 1913 675 1946 atque
702 1908 815 1937 iterum
839 1909 1035 1940 inculcando.

311 1950 368 1979 Sin
392 1954 495 1980 autem
524 1949 687 1990 διαιρόμενος
712 1951 844 1990 legatur,
871 1963 940 1991 quae
967 1964 1036 1984 mea

311 1993 372 2022 fuit
391 1992 554 2032 aliquando
571 1994 720 2032 suspicio,
742 1994 803 2030 cui,
819 1996 901 2034 quod
918 1996 1034 2032 volent,

311 2036 445 2075 pretium
472 2040 608 2066 statuent
630 2037 806 2075 peritiores,
829 2043 893 2068 tum
916 2038 1036 2079 κᾴκεῖνον

310 2078 358 2108 τὸν
371 2078 459 2117 λόγον,
474 2090 535 2109 non
550 2080 590 2108 ad
606 2079 782 2120 διαιρόμενος,
796 2081 847 2110 sed
867 2082 904 2111 ud
923 2081 1033 2113 διὲἔαλ-

311 2128 343 2151 λε
361 2122 420 2152 erit
433 2123 636 2153 referendum.
650 2123 726 2153 illud
744 2135 864 2163 quoque
877 2136 1034 2165 argumen-

311 2169 374 2196 tum
403 2166 519 2196 suffusa
542 2167 630 2203 quasi
653 2167 780 2205 quadam
804 2169 1033 2200 mendaciorum

309 2213 342 2238 et
358 2208 484 2238 invidiae
497 2209 635 2249 lolligine
650 2210 694 2239 ita
710 2211 914 2248 conturbavit,
931 2217 966 2242 ut
982 2224 1034 2243 ve-

310 2261 377 2281 rum
394 2254 461 2291 ejus
478 2262 496 2282 a
511 2253 586 2282 falso
609 2253 750 2293 dignosci
774 2259 915 2294 nequeat,
937 2256 1033 2297 διαιρό-

308 2305 403 2334 μενος,
420 2306 529 2335 magna
551 2307 621 2326 cum
644 2297 730 2327 vocis
753 2302 784 2328 et
804 2298 936 2328 laterum
960 2310 1033 2329 con-

310 2338 457 2368 tentione.

353 2381 429 2411 ibid.
463 2392 494 2411 v.
518 2384 568 2411 18.
595 2382 706 2422 λόγους]
731 2383 782 2413 Sic
808 2385 889 2414 nude
915 2385 1032 2415 dictum

310 2424 391 2454 baud
403 2425 494 2463 plane
508 2425 669 2455 damnabo.
683 2437 718 2455 os
732 2427 812 2456 enim
827 2427 967 2457 AEschini
984 2438 1032 2459 est

311 2478 398 2497 suurn
414 2468 587 2506 proprium,
602 2469 681 2498 alius
695 2474 793 2499 tamen
807 2470 927 2508 planius
940 2472 1034 2501 dixis·

309 2514 357 2540 set
379 2512 444 2545 τοὺς
465 2511 532 2541 τότε
556 2511 619 2551 περὶ
641 2523 671 2541 τ.
687 2510 731 2542 Ἀ.
747 2511 903 2554 λεχθέντας
926 2514 1033 2553 λόγους.

309 2552 435 2593 [Access.
454 2554 542 2595 Not.]
560 2555 679 2584 Peribit
695 2555 858 2585 difficultas
877 2558 988 2593 omnis,
1007 2559 1033 2588 si

309 2596 376 2626 τότε
392 2598 481 2636 plane
496 2598 633 2634 tollatur,
649 2603 684 2628 ut
700 2609 718 2628 a
734 2599 813 2628 libro
835 2600 1032 2641 Chrysococ-

309 2650 353 2669 cae
370 2651 491 2680 quoque
508 2642 606 2677 abest,
625 2647 678 2671 aut
694 2642 795 2671 saltim
805 2647 1031 2682 transponatur,

309 2682 340 2711 in
363 2684 442 2713 hunc
461 2686 603 2714 modum:
632 2684 702 2725 ἐμοῦ
717 2684 785 2715 τότε
800 2687 866 2720 τοὺς
880 2687 941 2726 περὶ
957 2685 1032 2727 Ἀμ-

308 2726 460 2764 φικτυόνων
475 2728 582 2766 λόγους.

351 2769 377 2807 ς’.
394 2768 448 2799 λΘ’.
465 2782 496 2809 p.
515 2774 587 2802 132.
609 2782 640 2800 v.
656 2773 708 2801 12.
734 2770 780 2800 τὸν
805 2771 895 2812 καιξόν
917 2774 1028 2813 τοῦτον]

307 2811 387 2840 Num
404 2814 454 2842 τοῦ
471 2813 568 2852 ψέγειν
581 2813 636 2854 ἐμὲ
659 2813 709 2844 καῖ
723 2817 896 2855 κατηγορεῖν,
917 2826 953 2845 an
980 2818 1031 2846 τοῦ

308 2851 459 2895 {Ean-argit
482 2858 558 2896 ὑμᾶς
575 2858 791 2898 opportunitas
805 2864 869 2888 tum
886 2866 950 2888 erat
966 2870 1028 2889 aru-

308 2896 399 2934 plior‚
414 2905 466 2928 aut
480 2901 536 2930 tibi
550 2912 598 2931 me
610 2902 793 2938 insectandi,
813 2906 864 2931 aut
880 2902 1026 2943 Philippo

308 2949 359 3011 urg
377 2940 574 2983 decipiendi?
604 2945 766 2975 Posterius
790 2945 1024 2977 convenientius

306 2992 336 3012 vi
362 2986 440 3013 etur.

774 177 1005 220 REISKH
1040 178 1372 220 ANNOTATA

1127 269 1202 298 ibid.
1220 279 1249 298 v.
1268 271 1319 299 14.
1335 269 1433 298 ταῦτα
1450 268 1519 311 γὰρ]
1539 271 1640 300 Locus
1657 270 1706 300 bic
1728 270 1800 301 olim

1082 310 1126 340 sic
1140 316 1206 341 erat
1223 312 1442 347 distinctus‚ut
1457 313 1606 343 sententia
1622 315 1754 344 obscura
1770 319 1800 344 et

1081 353 1241 393 impedita,
1258 360 1310 385 aut
1322 355 1426 394 potius
1443 356 1526 385 nulla
1542 356 1718 387 exsisteret:
1729 355 1801 390 τίνες

1081 394 1122 426 οὖν
1135 396 1207 428 ’ἦσαν
1221 398 1249 427 αἱ
1265 398 1408 435 ἀπάταν,
1430 400 1529 428 ταῦτα
1551 401 1604 438 γᾶς
1619 400 1668 428 1τοῦ
1690 399 1799 437 γόητος,

1079 439 1220 481 ἀνθρώπου
1237 440 1268 481 ἐξ
1284 439 1319 471 ὧν
1333 442 1430 482 εἴρηκε,
1446 440 1612 479 λογίσασθε.
1657 443 1724 481 Ego
1742 443 1798 478 sic,

1079 488 1113 513 ut
1135 484 1333 524 conspicitur,
1356 485 1534 514 distinctum
1557 484 1643 520 dedi,
1664 490 1698 515 ut
1720 485 1799 520 haec,

1078 537 1146 565 quae
1160 528 1250 566 plana
1266 532 1297 557 et
1311 527 1476 567 perspicua
1496 533 1555 564 est,
1576 528 1710 559 exsistat
1731 539 1799 558 sen-

1077 570 1191 600 tentia:
1216 571 1315 611 quales
1325 577 1424 601 autem
1436 571 1620 612 illaefuerint
1635 573 1797 610 impostura>

1076 612 1262 653 (hujumodi
1278 614 1355 644 enim
1366 625 1409 644 me
1422 615 1534 654 probris
1549 616 1621 652 petit
1640 615 1690 644 ille
1709 616 1796 644 versi-

1074 656 1171 696 pellis)
1188 666 1222 686 esc
1242 658 1305 697 ejus
1320 659 1463 694 oratione,
1477 657 1527 688 vel
1542 658 1695 694 relatione,
1715 658 1797 688 colli-

1071 701 1144 738 gite.

1118 742 1141 781 ᾗ.
1159 741 1205 781 μ’.
1221 754 1252 782 p.
1271 744 1343 774 1302.
1359 754 1387 773 v.
1402 748 1544 784 antepen.
1561 743 1690 784 γράφειν]
1707 743 1796 773 Suffi-

1075 785 1118 814 cit
1135 786 1204 821 hoc,
1221 786 1310 816 etiarn
1329 786 1394 816 sine
1411 786 1519 825 λόγους.
1543 787 1619 816 Nam
1638 787 1689 825 qui
1705 787 1795 817 laude

1075 828 1234 867 elegantiae
1256 829 1286 858 in
1305 830 1466 860 scribendo
1485 830 1592 865 claret,
1608 830 1636 859 is
1651 841 1711 859 non
1729 840 1798 860 ora-

1076 871 1192 901 tionum
1217 873 1321 908 modo,
1350 873 1405 902 sed
1430 878 1462 903 et
1487 873 1689 913 epistolarum
1712 873 1795 903 belle

1075 915 1302 945 scribendarum
1317 915 1429 945 artifex
1448 920 1505 946 est.
1520 916 1634 956 γράφειν
1649 917 1731 946 idem
1746 926 1797 946 va-

1074 958 1118 988 let
1133 963 1224 997 atque
1241 959 1425 1000 συγγράφειν.

1116 1012 1148 1040 p.
1179 1004 1250 1033 133.
1278 1013 1306 1031 v.
1333 1004 1363 1033 9.
1387 1000 1569 1043 συγχωρήσω
1591 1001 1603 1031 ὁ
1627 1002 1794 1044 κατήγοςος]

1074 1045 1243 1075 Przestaret
1256 1045 1372 1084 utique,
1385 1055 1454 1075 meo
1463 1045 1592 1084 judicio,
1609 1049 1661 1075 aut
1675 1057 1797 1087 συγχω-

1072 1088 1158 1128 ρήσει,
1193 1088 1380 1119 indicativus
1404 1089 1511 1124 futuri,
1537 1093 1590 1118 aut
1622 1089 1796 1131 συγχωρήσῃ

1073 1131 1229 1172 conjunct.
1245 1143 1308 1162 aor.
1324 1131 1429 1172 primi.
1445 1142 1504 1161 non
1521 1131 1592 1161 ideo
1609 1136 1708 1161 tamen
1728 1132 1796 1162 vul-

1073 1180 1173 1214 gatam
1189 1176 1310 1211 damno,
1327 1176 1408 1215 quod
1422 1174 1578 1214 optativus
1593 1175 1687 1206 futuri
1702 1176 1796 1214 paulo

1072 1219 1170 1248 rarius
1186 1219 1335 1249 occurrit.
1367 1219 1445 1248 Vitii
1460 1218 1535 1248 nihil
1550 1222 1597 1248 est
1612 1218 1643 1248 in
1661 1219 1798 1257 vulgata.

1073 1261 1148 1291 Fuit
1161 1266 1261 1291 tamen
1278 1273 1345 1292 cum
1364 1262 1546 1300 suspicarer,
1562 1262 1732 1303 συγχωρεῖς,
1754 1260 1796 1291 οἷα

1072 1305 1234 1344 κατήγοξος.
1279 1306 1312 1335 Si
1328 1311 1372 1341 tu,
1390 1304 1591 1340 Demosthene,
1607 1306 1749 1341 concedis,
1763 1306 1796 1335 id

1072 1349 1147 1387 quod
1164 1354 1201 1383 te,
1218 1350 1269 1387 qui
1284 1354 1436 1378 accusator
1448 1349 1495 1385 sis,
1507 1348 1660 1378 concedere
1670 1358 1755 1386 penes
1768 1354 1797 1379 te

1071 1396 1122 1420 est.
1155 1393 1284 1421 Poterat
1298 1392 1377 1421 enim
1391 1395 1564 1427 accusator,
1581 1391 1607 1420 si
1620 1391 1727 1427 nollet,
1742 1402 1796 1422 ve-

1073 1433 1152 1463 niam
1183 1435 1340 1464 defensori
1364 1444 1487 1474 negare.
1534 1435 1609 1470 Aut,
1629 1435 1661 1464 id
1677 1435 1752 1474 qnod
1769 1441 1795 1465 te

1062 1475 1179 1517 facere,
1194 1479 1245 1517 qni
1259 1483 1413 1508 accusator
1426 1478 1474 1513 sis,
1498 1483 1722 1507 consentaneum
1746 1484 1795 1508 est.

1072 1520 1217 1550 Solebant
1233 1521 1313 1550 enim
1332 1525 1452 1551 actores
1469 1520 1664 1549 traditionem
1681 1522 1797 1551 manci-

1070 1563 1192 1602 piorum
1220 1564 1258 1593 ad
1289 1568 1442 1594 tormenta
1465 1563 1618 1602 imprimis
1643 1564 1795 1603 flagitare.

1071 1607 1130 1636 Sed
1148 1607 1268 1645 praetuli
1285 1608 1473 1638 tutissimum
1489 1606 1680 1648 συγχωρήσει.

1114 1650 1190 1680 ibid.
1208 1661 1237 1681 v.
1255 1653 1308 1680 14.
1323 1648 1554 1691 βασανιζόμενοι]
1578 1651 1651 1679 Tam
1667 1650 1759 1689 longe
1774 1662 1793 1681 a

1070 1703 1143 1722 vera
1156 1704 1211 1723 sua
1227 1695 1300 1724 sede
1323 1694 1480 1724 revulsum
1504 1703 1585 1732 aegre
1602 1703 1671 1722 cum
1688 1694 1793 1730 feram,

1071 1737 1193 1766 tametsi
1209 1737 1353 1775 exempla
1367 1747 1415 1766 me
1431 1737 1512 1766 haud
1528 1736 1646 1775 fugiant
1662 1737 1792 1767 aliorum

1070 1785 1226 1809 auctorum
1251 1780 1323 1809 huic
1351 1780 1472 1814 similia,
1500 1780 1675 1818 cujusmodi
1703 1780 1792 1810 locos

1069 1823 1193 1852 memini
1210 1822 1398 1852 Dorvillium
1415 1823 1454 1852 ad
1470 1823 1665 1852 charitonem
1680 1833 1792 1862 magno

1069 1875 1195 1895 numero
1222 1871 1442 1904 comportasse,
1469 1866 1550 1894 malo
1581 1870 1680 1895 tamen
1712 1867 1791 1896 hanc

1068 1909 1283 1946 trajectionem
1320 1908 1419 1939 errori
1456 1908 1663 1944 librariorum,
1700 1920 1790 1949 quam

1069 1952 1196 1982 consilio
1220 1952 1356 1982 auctoris
1377 1953 1542 1990 imputare,
1563 1962 1611 1981 me
1628 1952 1654 1981 si
1672 1953 1792 1990 audias,

1068 1996 1184 2024 reseras
1200 1996 1238 2024 ad
1250 1993 1312 2037 κᾷν.
1329 1993 1380 2036 κςῖν
1396 1993 1612 2035 βασανιζόμενοι
1627 1997 1725 2034 φῶσιν.
1752 1998 1792 2027 Et

1068 2048 1161 2068 ausus
1175 2049 1253 2074 sum,
1271 2039 1420 2069 arbitratu
1430 2048 1510 2074 meo,
1524 2038 1597 2068 illuc
1609 2039 1723 2070 referre
1737 2050 1791 2069 vo-

1068 2082 1212 2111 cabulum
1228 2082 1298 2118 hoc,
1315 2082 1398 2122 quod
1418 2081 1513 2120 vulgo
1534 2091 1613 2121 pone
1629 2092 1699 2112 voc.
1716 2095 1790 2113 συσ-

1068 2124 1155 2154 σίτων
1171 2125 1285 2165 legitur
1297 2126 1494 2156 collocatum.

1112 2178 1143 2207 p.
1163 2171 1236 2199 134.
1256 2181 1284 2199 v.
1305 2173 1334 2200 1.
1350 2167 1501 2209 γενέσθαι]
1526 2168 1665 2198 Subaudi
1683 2168 1791 2199 ἑαυτόν.

1068 2210 1144 2240 nihil
1155 2211 1204 2241 hic
1216 2214 1315 2243 deest.
1340 2211 1531 2243 Sententiam
1547 2211 1692 2242 dictionis
1705 2212 1787 2242 haud

1067 2255 1231 2294 perspexit
1248 2256 1295 2287 vir
1308 2257 1431 2291 doctus,
1455 2255 1507 2294 qui
1528 2254 1710 2293 elegantiam
1734 2255 1792 2285 hu-

1062 2298 1115 2335 jus
1132 2298 1193 2328 loci
1217 2301 1393 2338 conjectura
1416 2298 1563 2329 violatum
1578 2298 1652 2328 ibat.
1688 2299 1791 2337 Negat

1068 2350 1101 2370 se
1122 2341 1369 2379 commissurum,
1393 2346 1429 2372 ut
1453 2341 1643 2371 existimatio
1667 2352 1731 2378 sua,
1758 2346 1791 2372 ut

1067 2383 1234 2415 discrimen
1246 2387 1337 2425 hujus
1354 2396 1466 2422 causae,
1483 2389 1518 2414 ut
1533 2385 1614 2413 salus
1627 2395 1681 2414 sua
1696 2384 1728 2414 in
1744 2389 1790 2415 te-

1067 2428 1208 2458 stimonio
1226 2440 1387 2460 servorum
1411 2433 1554 2460 versetur
1569 2438 1624 2466 per
1639 2433 1790 2458 tormenta.

1069 2481 1232 2510 expresse.

1111 2515 1187 2544 ibid.
1212 2526 1242 2544 v.
1267 2518 1295 2546 3.
1318 2515 1358 2545 τὰ
1378 2514 1513 2556 μεγάλα]
1540 2513 1680 2544 Articulo
1704 2517 1789 2543 caret

1069 2557 1173 2587 Mead.
1222 2559 1304 2588 Dedi
1333 2559 1372 2588 de
1398 2569 1467 2588 meo
1491 2557 1534 2586 ὅτι
1557 2557 1630 2586 πάνυ
1654 2557 1788 2597 μεγάλα.

1069 2601 1175 2630 Oratio
1191 2606 1239 2631 est
1256 2601 1484 2631 subsannantis.

1110 2643 1186 2673 ibid.
1204 2643 1453 2685 παραλογίζεται]
1478 2642 1604 2673 Scilicet
1627 2643 1694 2672 haec
1719 2642 1785 2683 epi-

1068 2687 1160 2717 stola.

1109 2730 1186 2759 ibid.
1203 2741 1233 2760 v.
1249 2734 1278 2761 6.
1295 2729 1428 2770 ἀκούετε]
1446 2729 1578 2765 Auditis,
1592 2728 1727 2767 praetuli.

1108 2772 1183 2803 ibid.
1215 2783 1247 2802 v.
1270 2775 1302 2802 7.
1332 2774 1518 2813 συμμάχων,
1549 2772 1666 2812 ἑαυτοῦ]
1703 2771 1786 2801 Dedi

1065 2816 1238 2857 συμμάχων
1253 2819 1310 2845 τῶν
1323 2815 1464 2857 ἐμαυτοῦ.
1496 2816 1602 2845 Visum
1621 2815 1784 2855 aliquando

1063 2859 1122 2888 fuit
1135 2859 1194 2898 leg.
1213 2869 1282 2888 esse
1297 2873 1328 2890 σ.
1341 2860 1477 2889 ἑκάστου.
1495 2859 1577 2898 quod
1592 2858 1674 2888 idem
1690 2861 1786 2894 esset,

1063 2912 1098 2931 ac
1122 2901 1148 2931 si
1169 2902 1304 2931 dixisset
1323 2903 1372 2932 καὶ
1391 2901 1525 2942 γέγραφα
1543 2902 1607 2935 τοὺς
1631 2910 1786 2942 παραγενω

1060 2943 1160 2984 μένους
1174 2944 1205 2984 ἐξ
1228 2944 1353 2976 ἑκάστου
1377 2945 1460 2986 [scil.
1484 2946 1572 2985 δήμου
1595 2945 1645 2974 vel
1667 2942 1782 2985 μέρους]

1060 2990 1114 3018 τῶν
1129 2987 1206 3028 ἐμῶν
1220 2990 1405 3031 συμμάχων,
1420 2996 1449 3020 et
1465 2989 1584 3031 legatos,
1599 2992 1736 3028 quotquot
1751 2996 1785 3016 ex
