<?xml version="1.0" encoding="UTF-8"?>
<!DOCTYPE html PUBLIC "-//W3C//DTD XHTML 1.0 Transitional//EN"
    "http://www.w3.org/TR/xhtml1/DTD/xhtml1-transitional.dtd">
<html xmlns="http://www.w3.org/1999/xhtml" xml:lang="en" lang="en">
 <head>
  <title>
</title>
<meta http-equiv="Content-Type" content="text/html;charset=utf-8" />
  <meta name='ocr-system' content='tesseract 3.04.00' />
  <meta name='ocr-capabilities' content='ocr_page ocr_carea ocr_par ocr_line ocrx_word'/>
</head>
<body>
  <div class='ocr_page' id='page_1' title='image "./oratoresatticie12dobs/oratoresatticie12dobs_0446.png"; bbox 0 0 1916 3340; ppageno 0'>
   <div class='ocr_carea' id='block_1_1' title="bbox 341 194 454 251">
    <p class='ocr_par' dir='ltr' id='par_1_1' title="bbox 341 194 454 251">
     <span class='ocr_line' id='line_1_1' title="bbox 341 194 454 251; baseline -0.018 0"><span class='ocrx_word' id='word_1_1' title='bbox 341 194 454 251; x_wconf 81' lang='lat'><strong>368</strong></span> 
     </span>
    </p>
   </div>
   <div class='ocr_carea' id='block_1_2' title="bbox 323 301 1065 2958">
    <p class='ocr_par' dir='ltr' id='par_1_2' title="bbox 338 301 1065 429">
     <span class='ocr_line' id='line_1_2' title="bbox 341 301 1064 342; baseline 0.003 -9"><span class='ocrx_word' id='word_1_2' title='bbox 341 302 424 333; x_wconf 88' lang='lat' dir='ltr'><strong>viter</strong></span> <span class='ocrx_word' id='word_1_3' title='bbox 439 301 597 342; x_wconf 76' lang='lat' dir='ltr'><strong>objurgari</strong></span> <span class='ocrx_word' id='word_1_4' title='bbox 608 302 648 333; x_wconf 83' lang='lat' dir='ltr'><strong>de</strong></span> <span class='ocrx_word' id='word_1_5' title='bbox 660 303 815 341; x_wconf 70' lang='lat' dir='ltr'><strong>socordia,</strong></span> <span class='ocrx_word' id='word_1_6' title='bbox 827 303 950 335; x_wconf 83' lang='lat' dir='ltr'><strong>infestis</strong></span> <span class='ocrx_word' id='word_1_7' title='bbox 964 309 1064 335; x_wconf 79' lang='lat' dir='ltr'><strong>autem</strong></span> 
     </span>
     <span class='ocr_line' id='line_1_3' title="bbox 339 345 1065 386; baseline 0.001 -9"><span class='ocrx_word' id='word_1_8' title='bbox 339 345 448 377; x_wconf 82' lang='lat' dir='ltr'><strong>animis</strong></span> <span class='ocrx_word' id='word_1_9' title='bbox 465 346 664 385; x_wconf 83' lang='lat' dir='ltr'>accipiebant</span> <span class='ocrx_word' id='word_1_10' title='bbox 680 351 713 377; x_wconf 88' lang='lat' dir='ltr'><strong>et</strong></span> <span class='ocrx_word' id='word_1_11' title='bbox 733 357 816 386; x_wconf 84' lang='lat' dir='ltr'><strong>aegre</strong></span> <span class='ocrx_word' id='word_1_12' title='bbox 834 347 974 378; x_wconf 87' lang='lat' dir='ltr'><strong>ferebant</strong></span> <span class='ocrx_word' id='word_1_13' title='bbox 996 358 1065 378; x_wconf 86' lang='lat' dir='ltr'><strong>ora·</strong></span> 
     </span>
     <span class='ocr_line' id='line_1_4' title="bbox 338 389 890 429; baseline 0.002 -9"><span class='ocrx_word' id='word_1_14' title='bbox 338 394 424 420; x_wconf 79' lang='lat' dir='ltr'><strong>tores</strong></span> <span class='ocrx_word' id='word_1_15' title='bbox 440 389 609 429; x_wconf 86' lang='lat' dir='ltr'><strong>potentiam</strong></span> <span class='ocrx_word' id='word_1_16' title='bbox 625 401 712 421; x_wconf 89' lang='lat' dir='ltr'><strong>suam</strong></span> <span class='ocrx_word' id='word_1_17' title='bbox 724 391 890 421; x_wconf 79' lang='lat' dir='ltr'><strong>elevantes-</strong></span> 
     </span>
    </p>

    <p class='ocr_par' dir='ltr' id='par_1_3' title="bbox 335 432 1065 726">
     <span class='ocr_line' id='line_1_5' title="bbox 380 432 1065 476; baseline 0 -12"><span class='ocrx_word' id='word_1_18' title='bbox 380 432 460 464; x_wconf 87' lang='lat' dir='ltr'><strong>ibid.</strong></span> <span class='ocrx_word' id='word_1_19' title='bbox 476 443 506 463; x_wconf 88' lang='lat' dir='ltr'><strong>v.</strong></span> <span class='ocrx_word' id='word_1_20' title='bbox 524 444 596 473; x_wconf 87' lang='lat' dir='ltr'><strong>pen.</strong></span> <span class='ocrx_word' id='word_1_21' title='bbox 611 433 705 476; x_wconf 77' lang='grc' dir='ltr'>τύχης</span> <span class='ocrx_word' id='word_1_22' title='bbox 717 434 848 475; x_wconf 62' lang='grc' dir='ltr'>ἀγαθῆς]</span> <span class='ocrx_word' id='word_1_23' title='bbox 873 433 1065 474; x_wconf 76' lang='lat' dir='ltr'><strong>Coniplecti·</strong></span> 
     </span>
     <span class='ocr_line' id='line_1_6' title="bbox 337 476 1065 520; baseline 0.004 -14"><span class='ocrx_word' id='word_1_24' title='bbox 337 479 389 506; x_wconf 79' lang='lat' dir='ltr'><strong>tur</strong></span> <span class='ocrx_word' id='word_1_25' title='bbox 404 476 463 507; x_wconf 84' lang='lat' dir='ltr'><strong>hoc</strong></span> <span class='ocrx_word' id='word_1_26' title='bbox 482 487 604 518; x_wconf 88' lang='lat' dir='ltr'><strong>quoque</strong></span> <span class='ocrx_word' id='word_1_27' title='bbox 625 489 703 518; x_wconf 86' lang='lat' dir='ltr'><strong>opes</strong></span> <span class='ocrx_word' id='word_1_28' title='bbox 722 479 808 508; x_wconf 85' lang='lat' dir='ltr'><strong>belli.</strong></span> <span class='ocrx_word' id='word_1_29' title='bbox 829 477 907 520; x_wconf 82' lang='grc' dir='ltr'>τύχη</span> <span class='ocrx_word' id='word_1_30' title='bbox 925 477 957 508; x_wconf 90' lang='lat' dir='ltr'><strong>h.</strong></span> <span class='ocrx_word' id='word_1_31' title='bbox 974 478 994 507; x_wconf 94' lang='grc' dir='ltr'><strong>Ι.</strong></span> <span class='ocrx_word' id='word_1_32' title='bbox 1019 482 1065 509; x_wconf 82' lang='lat' dir='ltr'><strong>est</strong></span> 
     </span>
     <span class='ocr_line' id='line_1_7' title="bbox 337 521 1063 563; baseline 0.003 -13"><span class='ocrx_word' id='word_1_33' title='bbox 337 523 437 550; x_wconf 84' lang='lat' dir='ltr'><strong>status</strong></span> <span class='ocrx_word' id='word_1_34' title='bbox 451 530 566 559; x_wconf 89' lang='lat' dir='ltr'><strong>rerum,</strong></span> <span class='ocrx_word' id='word_1_35' title='bbox 582 522 612 552; x_wconf 92' lang='lat' dir='ltr'><strong>in</strong></span> <span class='ocrx_word' id='word_1_36' title='bbox 628 533 689 562; x_wconf 93' lang='lat' dir='ltr'><strong>quo</strong></span> <span class='ocrx_word' id='word_1_37' title='bbox 705 522 775 563; x_wconf 89' lang='lat' dir='ltr'><strong>quis</strong></span> <span class='ocrx_word' id='word_1_38' title='bbox 799 525 846 551; x_wconf 85' lang='lat' dir='ltr'><strong>est</strong></span> <span class='ocrx_word' id='word_1_39' title='bbox 862 521 1063 558; x_wconf 87' lang='lat' dir='ltr'><strong>constitutus,</strong></span> 
     </span>
     <span class='ocr_line' id='line_1_8' title="bbox 335 563 1065 606; baseline 0.004 -13"><span class='ocrx_word' id='word_1_40' title='bbox 335 563 477 606; x_wconf 76' lang='grc' dir='ltr'><strong>τυγχάνει</strong></span> <span class='ocrx_word' id='word_1_41' title='bbox 493 564 539 596; x_wconf 80' lang='grc' dir='ltr'><strong>ὤν.</strong></span> <span class='ocrx_word' id='word_1_42' title='bbox 555 565 601 596; x_wconf 89' lang='lat' dir='ltr'><strong>sic</strong></span> <span class='ocrx_word' id='word_1_43' title='bbox 624 566 704 596; x_wconf 89' lang='lat' dir='ltr'><strong>bella</strong></span> <span class='ocrx_word' id='word_1_44' title='bbox 726 566 898 606; x_wconf 77' lang='lat' dir='ltr'><strong>parantium</strong></span> <span class='ocrx_word' id='word_1_45' title='bbox 923 565 990 595; x_wconf 83' lang='lat' dir='ltr'><strong>haec</strong></span> <span class='ocrx_word' id='word_1_46' title='bbox 1015 571 1065 596; x_wconf 87' lang='lat' dir='ltr'><strong>est</strong></span> 
     </span>
     <span class='ocr_line' id='line_1_9' title="bbox 336 606 1063 650; baseline 0.001 -13"><span class='ocrx_word' id='word_1_47' title='bbox 336 606 415 648; x_wconf 77' lang='grc' dir='ltr'>τύχη</span> <span class='ocrx_word' id='word_1_48' title='bbox 441 608 554 647; x_wconf 72' lang='grc' dir='ltr'>ἀγαθὴ,</span> <span class='ocrx_word' id='word_1_49' title='bbox 581 609 607 639; x_wconf 88' lang='lat' dir='ltr'><strong>si</strong></span> <span class='ocrx_word' id='word_1_50' title='bbox 631 610 730 650; x_wconf 85' lang='lat' dir='ltr'><strong>copiis</strong></span> <span class='ocrx_word' id='word_1_51' title='bbox 750 619 852 639; x_wconf 86' lang='lat' dir='ltr'><strong>rerum</strong></span> <span class='ocrx_word' id='word_1_52' title='bbox 877 609 1001 639; x_wconf 86' lang='lat' dir='ltr'><strong>valeant</strong></span> <span class='ocrx_word' id='word_1_53' title='bbox 1024 610 1063 639; x_wconf 85' lang='lat' dir='ltr'><strong>ad</strong></span> 
     </span>
     <span class='ocr_line' id='line_1_10' title="bbox 336 651 1063 692; baseline 0.003 -12"><span class='ocrx_word' id='word_1_54' title='bbox 336 651 451 682; x_wconf 89' lang='lat' dir='ltr'><strong>bellum</strong></span> <span class='ocrx_word' id='word_1_55' title='bbox 465 662 636 692; x_wconf 88' lang='lat' dir='ltr'><strong>pacemque</strong></span> <span class='ocrx_word' id='word_1_56' title='bbox 653 652 908 689; x_wconf 81' lang='lat' dir='ltr'><strong>necessariarum,</strong></span> <span class='ocrx_word' id='word_1_57' title='bbox 919 657 952 682; x_wconf 84' lang='lat' dir='ltr'><strong>ut</strong></span> <span class='ocrx_word' id='word_1_58' title='bbox 964 653 1063 683; x_wconf 87' lang='lat' dir='ltr'><strong>bosti-</strong></span> 
     </span>
     <span class='ocr_line' id='line_1_11' title="bbox 335 695 687 726; baseline 0.003 -2"><span class='ocrx_word' id='word_1_59' title='bbox 335 695 395 725; x_wconf 89' lang='lat' dir='ltr'><strong>bus</strong></span> <span class='ocrx_word' id='word_1_60' title='bbox 413 696 474 725; x_wconf 87' lang='lat' dir='ltr'><strong>siut</strong></span> <span class='ocrx_word' id='word_1_61' title='bbox 489 696 687 726; x_wconf 81' lang='lat' dir='ltr'><strong>formidandi.</strong></span> 
     </span>
    </p>

    <p class='ocr_par' dir='ltr' id='par_1_4' title="bbox 334 737 1062 822">
     <span class='ocr_line' id='line_1_12' title="bbox 377 737 1062 780; baseline 0.001 -12"><span class='ocrx_word' id='word_1_62' title='bbox 377 738 455 769; x_wconf 86' lang='lat' dir='ltr'><strong>ibid.</strong></span> <span class='ocrx_word' id='word_1_63' title='bbox 471 750 502 778; x_wconf 89' lang='lat' dir='ltr'><strong>p.</strong></span> <span class='ocrx_word' id='word_1_64' title='bbox 519 740 595 771; x_wconf 78' lang='lat'><strong>315.</strong></span> <span class='ocrx_word' id='word_1_65' title='bbox 610 750 639 770; x_wconf 89' lang='lat' dir='ltr'><strong>v.</strong></span> <span class='ocrx_word' id='word_1_66' title='bbox 656 742 690 773; x_wconf 77' lang='lat'><strong>5.</strong></span> <span class='ocrx_word' id='word_1_67' title='bbox 702 737 787 780; x_wconf 75' lang='grc' dir='ltr'>ἄξια]</span> <span class='ocrx_word' id='word_1_68' title='bbox 809 739 892 770; x_wconf 90' lang='lat' dir='ltr'><strong>Num</strong></span> <span class='ocrx_word' id='word_1_69' title='bbox 907 744 980 779; x_wconf 87' lang='lat' dir='ltr'><strong>post</strong></span> <span class='ocrx_word' id='word_1_70' title='bbox 994 738 1062 779; x_wconf 72' lang='grc' dir='ltr'>ἄξια</span> 
     </span>
     <span class='ocr_line' id='line_1_13' title="bbox 334 781 587 822; baseline 0.004 -11"><span class='ocrx_word' id='word_1_71' title='bbox 334 781 425 812; x_wconf 81' lang='lat' dir='ltr'><strong>deest</strong></span> <span class='ocrx_word' id='word_1_72' title='bbox 439 782 587 822; x_wconf 69' lang='grc' dir='ltr'>πξάττειν.</span> 
     </span>
    </p>

    <p class='ocr_par' dir='ltr' id='par_1_5' title="bbox 334 824 1065 909">
     <span class='ocr_line' id='line_1_14' title="bbox 377 824 1065 867; baseline 0.003 -13"><span class='ocrx_word' id='word_1_73' title='bbox 377 825 455 854; x_wconf 87' lang='lat' dir='ltr'>ibid.</span> <span class='ocrx_word' id='word_1_74' title='bbox 470 824 638 867; x_wconf 75' lang='grc' dir='ltr'><strong><em>γράφοντες]</em></strong></span> <span class='ocrx_word' id='word_1_75' title='bbox 661 825 683 857; x_wconf 89' lang='lat' dir='ltr'><strong>i.</strong></span> <span class='ocrx_word' id='word_1_76' title='bbox 704 836 735 856; x_wconf 83' lang='lat' dir='ltr'><strong>e.</strong></span> <span class='ocrx_word' id='word_1_77' title='bbox 754 826 949 867; x_wconf 58' lang='grc' dir='ltr'>παραινοῦντες</span> <span class='ocrx_word' id='word_1_78' title='bbox 973 824 1000 857; x_wconf 81' lang='grc' dir='ltr'><strong>ἔν</strong></span> <span class='ocrx_word' id='word_1_79' title='bbox 1020 825 1065 866; x_wconf 62' lang='grc' dir='ltr'><strong>τῷ</strong></span> 
     </span>
     <span class='ocr_line' id='line_1_15' title="bbox 334 867 461 909; baseline 0 -12"><span class='ocrx_word' id='word_1_80' title='bbox 334 867 461 909; x_wconf 75' lang='grc' dir='ltr'><strong>γράφειν.</strong></span> 
     </span>
    </p>

    <p class='ocr_par' dir='ltr' id='par_1_6' title="bbox 332 909 1060 1028">
     <span class='ocr_line' id='line_1_16' title="bbox 376 909 1059 955; baseline 0.003 -15"><span class='ocrx_word' id='word_1_81' title='bbox 376 911 453 942; x_wconf 86' lang='lat' dir='ltr'>ibid.</span> <span class='ocrx_word' id='word_1_82' title='bbox 469 921 501 942; x_wconf 83' lang='lat' dir='ltr'><strong>v.</strong></span> <span class='ocrx_word' id='word_1_83' title='bbox 512 913 544 942; x_wconf 87' lang='grc'><strong>6.</strong></span> <span class='ocrx_word' id='word_1_84' title='bbox 556 909 726 955; x_wconf 73' lang='grc' dir='ltr'><strong><em>τρισχίλια]</em></strong></span> <span class='ocrx_word' id='word_1_85' title='bbox 750 912 886 955; x_wconf 70' lang='grc' dir='ltr'>δισχίλια</span> <span class='ocrx_word' id='word_1_86' title='bbox 901 913 991 944; x_wconf 88' lang='lat' dir='ltr'><strong>MSS.</strong></span> <span class='ocrx_word' id='word_1_87' title='bbox 1006 913 1059 943; x_wconf 84' lang='lat' dir='ltr'><strong>sed</strong></span> 
     </span>
     <span class='ocr_line' id='line_1_17' title="bbox 332 953 1060 996; baseline 0.005 -12"><span class='ocrx_word' id='word_1_88' title='bbox 332 953 412 985; x_wconf 84' lang='lat' dir='ltr'><strong>ratio</strong></span> <span class='ocrx_word' id='word_1_89' title='bbox 429 954 495 985; x_wconf 87' lang='lat' dir='ltr'><strong>auri</strong></span> <span class='ocrx_word' id='word_1_90' title='bbox 511 956 548 985; x_wconf 91' lang='lat' dir='ltr'><strong>ad</strong></span> <span class='ocrx_word' id='word_1_91' title='bbox 566 962 729 996; x_wconf 85' lang='lat' dir='ltr'><strong>argentum</strong></span> <span class='ocrx_word' id='word_1_92' title='bbox 747 962 814 987; x_wconf 87' lang='lat' dir='ltr'><strong>erat</strong></span> <span class='ocrx_word' id='word_1_93' title='bbox 828 957 903 987; x_wconf 85' lang='lat' dir='ltr'><strong>olim</strong></span> <span class='ocrx_word' id='word_1_94' title='bbox 922 961 957 988; x_wconf 87' lang='lat' dir='ltr'><strong>ut</strong></span> <span class='ocrx_word' id='word_1_95' title='bbox 972 961 1003 988; x_wconf 89' lang='lat'><strong>1.</strong></span> <span class='ocrx_word' id='word_1_96' title='bbox 1020 957 1060 988; x_wconf 85' lang='lat' dir='ltr'><strong>ad</strong></span> 
     </span>
     <span class='ocr_line' id='line_1_18' title="bbox 333 1001 387 1028; baseline 0 0"><span class='ocrx_word' id='word_1_97' title='bbox 333 1001 387 1028; x_wconf 85' lang='lat'><strong>10.</strong></span> 
     </span>
    </p>

    <p class='ocr_par' dir='ltr' id='par_1_7' title="bbox 329 1040 1062 1299">
     <span class='ocr_line' id='line_1_19' title="bbox 374 1040 1062 1085; baseline 0.003 -14"><span class='ocrx_word' id='word_1_98' title='bbox 374 1041 453 1072; x_wconf 91' lang='lat' dir='ltr'>ibid.</span> <span class='ocrx_word' id='word_1_99' title='bbox 479 1052 510 1072; x_wconf 86' lang='lat' dir='ltr'><strong>v.</strong></span> <span class='ocrx_word' id='word_1_100' title='bbox 530 1043 563 1072; x_wconf 80' lang='lat'><strong>7.</strong></span> <span class='ocrx_word' id='word_1_101' title='bbox 581 1040 658 1085; x_wconf 80' lang='grc' dir='ltr'>νέων]</span> <span class='ocrx_word' id='word_1_102' title='bbox 694 1044 765 1074; x_wconf 90' lang='lat' dir='ltr'><strong>Non</strong></span> <span class='ocrx_word' id='word_1_103' title='bbox 793 1043 962 1080; x_wconf 72' lang='lat' dir='ltr'><strong>redundat,</strong></span> <span class='ocrx_word' id='word_1_104' title='bbox 989 1048 1062 1074; x_wconf 87' lang='lat' dir='ltr'><strong>sunt</strong></span> 
     </span>
     <span class='ocr_line' id='line_1_20' title="bbox 330 1083 1062 1127; baseline 0.003 -12"><span class='ocrx_word' id='word_1_105' title='bbox 330 1084 413 1116; x_wconf 85' lang='lat' dir='ltr'><strong>enim</strong></span> <span class='ocrx_word' id='word_1_106' title='bbox 428 1083 454 1115; x_wconf 81' lang='grc' dir='ltr'><strong>ἐν</strong></span> <span class='ocrx_word' id='word_1_107' title='bbox 467 1084 521 1127; x_wconf 70' lang='grc' dir='ltr'><strong>ἥβῃ</strong></span> <span class='ocrx_word' id='word_1_108' title='bbox 537 1086 663 1125; x_wconf 89' lang='lat' dir='ltr'><strong>quidam</strong></span> <span class='ocrx_word' id='word_1_109' title='bbox 678 1087 757 1117; x_wconf 86' lang='lat' dir='ltr'><strong>baud</strong></span> <span class='ocrx_word' id='word_1_110' title='bbox 775 1086 834 1118; x_wconf 78' lang='grc' dir='ltr'><strong>νέοι.</strong></span> <span class='ocrx_word' id='word_1_111' title='bbox 848 1087 1062 1127; x_wconf 81' lang='lat' dir='ltr'><strong>significantur</strong></span> 
     </span>
     <span class='ocr_line' id='line_1_21' title="bbox 330 1129 1060 1168; baseline 0.003 -10"><span class='ocrx_word' id='word_1_112' title='bbox 330 1129 383 1159; x_wconf 91' lang='lat' dir='ltr'><strong>hic</strong></span> <span class='ocrx_word' id='word_1_113' title='bbox 394 1130 528 1168; x_wconf 84' lang='lat' dir='ltr'><strong>juvenes</strong></span> <span class='ocrx_word' id='word_1_114' title='bbox 541 1135 682 1161; x_wconf 79' lang='lat' dir='ltr'>recentes</span> <span class='ocrx_word' id='word_1_115' title='bbox 692 1131 792 1161; x_wconf 85' lang='lat' dir='ltr'><strong>adhuc</strong></span> <span class='ocrx_word' id='word_1_116' title='bbox 805 1131 924 1161; x_wconf 88' lang='lat' dir='ltr'><strong>viribus</strong></span> <span class='ocrx_word' id='word_1_117' title='bbox 936 1130 1060 1161; x_wconf 86' lang='lat' dir='ltr'><strong>animis-</strong></span> 
     </span>
     <span class='ocr_line' id='line_1_22' title="bbox 331 1174 1060 1214; baseline 0.003 -12"><span class='ocrx_word' id='word_1_118' title='bbox 331 1183 404 1212; x_wconf 85' lang='lat' dir='ltr'><strong>que,</strong></span> <span class='ocrx_word' id='word_1_119' title='bbox 419 1174 554 1203; x_wconf 89' lang='lat' dir='ltr'><strong>nondum</strong></span> <span class='ocrx_word' id='word_1_120' title='bbox 570 1174 722 1205; x_wconf 85' lang='lat' dir='ltr'><strong>molestiis</strong></span> <span class='ocrx_word' id='word_1_121' title='bbox 738 1174 827 1205; x_wconf 86' lang='lat' dir='ltr'><strong>fracti</strong></span> <span class='ocrx_word' id='word_1_122' title='bbox 848 1179 941 1214; x_wconf 87' lang='lat' dir='ltr'><strong>atque</strong></span> <span class='ocrx_word' id='word_1_123' title='bbox 957 1185 1060 1205; x_wconf 88' lang='lat' dir='ltr'><strong>mace-</strong></span> 
     </span>
     <span class='ocr_line' id='line_1_23' title="bbox 329 1217 1059 1258; baseline 0.005 -13"><span class='ocrx_word' id='word_1_124' title='bbox 329 1217 401 1252; x_wconf 86' lang='lat' dir='ltr'><strong>rati,</strong></span> <span class='ocrx_word' id='word_1_125' title='bbox 423 1217 559 1247; x_wconf 88' lang='lat' dir='ltr'><strong>nondum</strong></span> <span class='ocrx_word' id='word_1_126' title='bbox 581 1218 722 1248; x_wconf 80' lang='lat' dir='ltr'><strong>cladibus</strong></span> <span class='ocrx_word' id='word_1_127' title='bbox 745 1219 784 1249; x_wconf 94' lang='lat' dir='ltr'><strong>ad</strong></span> <span class='ocrx_word' id='word_1_128' title='bbox 808 1218 1059 1258; x_wconf 73' lang='lat' dir='ltr'><strong>desperationem</strong></span> 
     </span>
     <span class='ocr_line' id='line_1_24' title="bbox 329 1259 459 1299; baseline 0 -10"><span class='ocrx_word' id='word_1_129' title='bbox 329 1259 459 1299; x_wconf 89' lang='lat' dir='ltr'><strong>dejecti.</strong></span> 
     </span>
    </p>

    <p class='ocr_par' dir='ltr' id='par_1_8' title="bbox 327 1301 1060 1561">
     <span class='ocr_line' id='line_1_25' title="bbox 373 1301 1056 1346; baseline 0.001 -13"><span class='ocrx_word' id='word_1_130' title='bbox 373 1303 452 1334; x_wconf 89' lang='lat' dir='ltr'><strong>ibid.</strong></span> <span class='ocrx_word' id='word_1_131' title='bbox 465 1314 495 1334; x_wconf 89' lang='lat' dir='ltr'><strong>v.</strong></span> <span class='ocrx_word' id='word_1_132' title='bbox 510 1305 562 1334; x_wconf 68' lang='grc'><strong>12.</strong></span> <span class='ocrx_word' id='word_1_133' title='bbox 575 1301 643 1345; x_wconf 67' lang='grc' dir='ltr'><strong>ὑπὲξ</strong></span> <span class='ocrx_word' id='word_1_134' title='bbox 657 1304 748 1339; x_wconf 74' lang='grc' dir='ltr'>αὐτῆς</span> <span class='ocrx_word' id='word_1_135' title='bbox 761 1315 790 1334; x_wconf 82' lang='grc' dir='ltr'><strong>κ.</strong></span> <span class='ocrx_word' id='word_1_136' title='bbox 803 1315 834 1335; x_wconf 76' lang='grc' dir='ltr'><strong>τ.</strong></span> <span class='ocrx_word' id='word_1_137' title='bbox 849 1304 895 1346; x_wconf 90' lang='grc' dir='ltr'><strong>λ.]</strong></span> <span class='ocrx_word' id='word_1_138' title='bbox 922 1304 1005 1334; x_wconf 83' lang='lat' dir='ltr'><strong>Dedi</strong></span> <span class='ocrx_word' id='word_1_139' title='bbox 1018 1304 1056 1334; x_wconf 87' lang='lat' dir='ltr'><strong>de</strong></span> 
     </span>
     <span class='ocr_line' id='line_1_26' title="bbox 329 1346 1057 1389; baseline 0.001 -13"><span class='ocrx_word' id='word_1_140' title='bbox 329 1356 400 1377; x_wconf 89' lang='lat' dir='ltr'><strong>meo</strong></span> <span class='ocrx_word' id='word_1_141' title='bbox 425 1346 503 1389; x_wconf 63' lang='lat' dir='ltr'><strong>saw-ip</strong></span> <span class='ocrx_word' id='word_1_142' title='bbox 528 1346 627 1383; x_wconf 68' lang='grc' dir='ltr'>αὐτῆς,</span> <span class='ocrx_word' id='word_1_143' title='bbox 643 1348 711 1378; x_wconf 77' lang='grc' dir='ltr'>εἴτι</span> <span class='ocrx_word' id='word_1_144' title='bbox 729 1348 876 1389; x_wconf 79' lang='lat' dir='ltr'><strong>[subaudi</strong></span> <span class='ocrx_word' id='word_1_145' title='bbox 899 1347 986 1377; x_wconf 77' lang='grc' dir='ltr'>κακὸν</span> <span class='ocrx_word' id='word_1_146' title='bbox 1008 1348 1057 1377; x_wconf 90' lang='lat' dir='ltr'><strong>vel</strong></span> 
     </span>
     <span class='ocr_line' id='line_1_27' title="bbox 327 1388 1059 1434; baseline -0.001 -14"><span class='ocrx_word' id='word_1_147' title='bbox 327 1388 421 1432; x_wconf 71' lang='grc' dir='ltr'>δεινὸν]</span> <span class='ocrx_word' id='word_1_148' title='bbox 438 1389 544 1428; x_wconf 78' lang='grc' dir='ltr'><strong>γένοιτο</strong></span> <span class='ocrx_word' id='word_1_149' title='bbox 556 1389 582 1420; x_wconf 81' lang='grc' dir='ltr'><strong>ἐν</strong></span> <span class='ocrx_word' id='word_1_150' title='bbox 597 1391 684 1434; x_wconf 69' lang='grc' dir='ltr'>αὐτῇ,</span> <span class='ocrx_word' id='word_1_151' title='bbox 699 1393 722 1422; x_wconf 82' lang='grc' dir='ltr'><strong>εἰ</strong></span> <span class='ocrx_word' id='word_1_152' title='bbox 735 1392 807 1432; x_wconf 76' lang='lat' dir='ltr'><strong>quid</strong></span> <span class='ocrx_word' id='word_1_153' title='bbox 818 1394 848 1421; x_wconf 83' lang='lat' dir='ltr'><strong>in</strong></span> <span class='ocrx_word' id='word_1_154' title='bbox 859 1401 892 1421; x_wconf 85' lang='lat' dir='ltr'><strong>ea</strong></span> <span class='ocrx_word' id='word_1_155' title='bbox 904 1393 1059 1431; x_wconf 75' lang='lat' dir='ltr'><strong>contingat</strong></span> 
     </span>
     <span class='ocr_line' id='line_1_28' title="bbox 327 1434 1060 1473; baseline 0 -10"><span class='ocrx_word' id='word_1_156' title='bbox 327 1435 504 1472; x_wconf 75' lang='lat' dir='ltr'><strong><em>sinisterius,</em></strong></span> <span class='ocrx_word' id='word_1_157' title='bbox 528 1434 557 1463; x_wconf 82' lang='lat' dir='ltr'><strong>si</strong></span> <span class='ocrx_word' id='word_1_158' title='bbox 580 1435 654 1473; x_wconf 85' lang='lat' dir='ltr'><strong>quid</strong></span> <span class='ocrx_word' id='word_1_159' title='bbox 672 1435 702 1464; x_wconf 90' lang='lat' dir='ltr'><strong>ei</strong></span> <span class='ocrx_word' id='word_1_160' title='bbox 719 1434 822 1464; x_wconf 84' lang='lat' dir='ltr'><strong>secius</strong></span> <span class='ocrx_word' id='word_1_161' title='bbox 839 1434 971 1465; x_wconf 87' lang='lat' dir='ltr'><strong>accidat.</strong></span> <span class='ocrx_word' id='word_1_162' title='bbox 987 1438 1060 1464; x_wconf 86' lang='lat' dir='ltr'><strong>nota</strong></span> 
     </span>
     <span class='ocr_line' id='line_1_29' title="bbox 330 1476 1059 1517; baseline -0.001 -10"><span class='ocrx_word' id='word_1_163' title='bbox 330 1477 461 1508; x_wconf 84' lang='lat' dir='ltr'><strong>historia</strong></span> <span class='ocrx_word' id='word_1_164' title='bbox 476 1476 678 1517; x_wconf 77' lang='lat' dir='ltr'><strong>apparitionis</strong></span> <span class='ocrx_word' id='word_1_165' title='bbox 691 1478 819 1508; x_wconf 87' lang='lat' dir='ltr'><strong>deorum</strong></span> <span class='ocrx_word' id='word_1_166' title='bbox 838 1478 867 1507; x_wconf 88' lang='lat' dir='ltr'><strong>in</strong></span> <span class='ocrx_word' id='word_1_167' title='bbox 886 1477 967 1507; x_wconf 92' lang='lat' dir='ltr'><strong>bello</strong></span> <span class='ocrx_word' id='word_1_168' title='bbox 980 1478 1059 1507; x_wconf 82' lang='lat' dir='ltr'><strong>Per-</strong></span> 
     </span>
     <span class='ocr_line' id='line_1_30' title="bbox 329 1520 913 1561; baseline 0.002 -10"><span class='ocrx_word' id='word_1_169' title='bbox 329 1520 408 1557; x_wconf 88' lang='lat' dir='ltr'><strong>sico,</strong></span> <span class='ocrx_word' id='word_1_170' title='bbox 424 1521 557 1551; x_wconf 80' lang='lat' dir='ltr'><strong>instante</strong></span> <span class='ocrx_word' id='word_1_171' title='bbox 573 1531 678 1561; x_wconf 79' lang='lat' dir='ltr'><strong>pugna</strong></span> <span class='ocrx_word' id='word_1_172' title='bbox 692 1522 731 1551; x_wconf 90' lang='lat' dir='ltr'><strong>ad</strong></span> <span class='ocrx_word' id='word_1_173' title='bbox 747 1521 913 1552; x_wconf 82' lang='lat' dir='ltr'><strong>Salamina.</strong></span> 
     </span>
    </p>

    <p class='ocr_par' dir='ltr' id='par_1_9' title="bbox 328 1563 1062 2084">
     <span class='ocr_line' id='line_1_31' title="bbox 372 1563 1060 1606; baseline 0 -12"><span class='ocrx_word' id='word_1_174' title='bbox 372 1564 450 1594; x_wconf 87' lang='lat' dir='ltr'><strong>ibid.</strong></span> <span class='ocrx_word' id='word_1_175' title='bbox 468 1576 498 1605; x_wconf 88' lang='lat' dir='ltr'><strong>p.</strong></span> <span class='ocrx_word' id='word_1_176' title='bbox 515 1566 590 1595; x_wconf 83' lang='lat'><strong>316.</strong></span> <span class='ocrx_word' id='word_1_177' title='bbox 607 1575 637 1595; x_wconf 89' lang='lat' dir='ltr'><strong>v.</strong></span> <span class='ocrx_word' id='word_1_178' title='bbox 655 1567 686 1596; x_wconf 87' lang='lat'><strong>6.</strong></span> <span class='ocrx_word' id='word_1_179' title='bbox 702 1563 903 1606; x_wconf 73' lang='grc' dir='ltr'><strong>ἀντιγράφους]</strong></span> <span class='ocrx_word' id='word_1_180' title='bbox 928 1563 991 1601; x_wconf 90' lang='lat' dir='ltr'><strong>Qui</strong></span> <span class='ocrx_word' id='word_1_181' title='bbox 1004 1563 1060 1594; x_wconf 87' lang='lat' dir='ltr'><strong>de-</strong></span> 
     </span>
     <span class='ocr_line' id='line_1_32' title="bbox 328 1608 1061 1647; baseline 0 -10"><span class='ocrx_word' id='word_1_182' title='bbox 328 1608 456 1639; x_wconf 74' lang='lat' dir='ltr'><strong>rendere</strong></span> <span class='ocrx_word' id='word_1_183' title='bbox 475 1608 560 1644; x_wconf 86' lang='lat' dir='ltr'><strong>velit,</strong></span> <span class='ocrx_word' id='word_1_184' title='bbox 573 1608 790 1638; x_wconf 86' lang='lat' dir='ltr'><strong>assumendum</strong></span> <span class='ocrx_word' id='word_1_185' title='bbox 805 1608 833 1638; x_wconf 87' lang='lat' dir='ltr'><strong>ei</strong></span> <span class='ocrx_word' id='word_1_186' title='bbox 845 1608 914 1644; x_wconf 86' lang='lat' dir='ltr'><strong>erit,</strong></span> <span class='ocrx_word' id='word_1_187' title='bbox 925 1608 1061 1647; x_wconf 70' lang='grc' dir='ltr'><strong>ἀντιγξά-</strong></span> 
     </span>
     <span class='ocr_line' id='line_1_33' title="bbox 329 1650 1060 1692; baseline 0 -11"><span class='ocrx_word' id='word_1_188' title='bbox 329 1658 399 1692; x_wconf 77' lang='grc' dir='ltr'>φους</span> <span class='ocrx_word' id='word_1_189' title='bbox 414 1651 515 1682; x_wconf 89' lang='lat' dir='ltr'><strong>dictos</strong></span> <span class='ocrx_word' id='word_1_190' title='bbox 530 1651 560 1682; x_wconf 94' lang='lat' dir='ltr'><strong>in</strong></span> <span class='ocrx_word' id='word_1_191' title='bbox 573 1652 716 1691; x_wconf 72' lang='lat' dir='ltr'><strong>palaestra</strong></span> <span class='ocrx_word' id='word_1_192' title='bbox 729 1655 760 1682; x_wconf 90' lang='lat' dir='ltr'><strong>et</strong></span> <span class='ocrx_word' id='word_1_193' title='bbox 775 1651 876 1682; x_wconf 86' lang='lat' dir='ltr'><strong>stadio</strong></span> <span class='ocrx_word' id='word_1_194' title='bbox 892 1650 987 1681; x_wconf 82' lang='lat' dir='ltr'><strong>fuisse</strong></span> <span class='ocrx_word' id='word_1_195' title='bbox 1004 1651 1060 1681; x_wconf 84' lang='lat' dir='ltr'><strong>ad-</strong></span> 
     </span>
     <span class='ocr_line' id='line_1_34' title="bbox 329 1695 1059 1736; baseline 0 -12"><span class='ocrx_word' id='word_1_196' title='bbox 329 1695 487 1726; x_wconf 85' lang='lat' dir='ltr'><strong>versarios</strong></span> <span class='ocrx_word' id='word_1_197' title='bbox 502 1696 584 1726; x_wconf 88' lang='lat' dir='ltr'><strong>inter</strong></span> <span class='ocrx_word' id='word_1_198' title='bbox 601 1706 634 1725; x_wconf 87' lang='lat' dir='ltr'><strong>se</strong></span> <span class='ocrx_word' id='word_1_199' title='bbox 658 1696 862 1736; x_wconf 86' lang='lat' dir='ltr'><strong>compositos.</strong></span> <span class='ocrx_word' id='word_1_200' title='bbox 882 1695 1059 1735; x_wconf 88' lang='lat' dir='ltr'><strong>quicunque</strong></span> 
     </span>
     <span class='ocr_line' id='line_1_35' title="bbox 328 1739 1059 1775; baseline 0 -7"><span class='ocrx_word' id='word_1_201' title='bbox 328 1739 413 1769; x_wconf 87' lang='lat' dir='ltr'><strong>enim</strong></span> <span class='ocrx_word' id='word_1_202' title='bbox 432 1739 464 1769; x_wconf 89' lang='lat' dir='ltr'><strong>in</strong></span> <span class='ocrx_word' id='word_1_203' title='bbox 492 1739 595 1770; x_wconf 82' lang='lat' dir='ltr'><strong>stadio</strong></span> <span class='ocrx_word' id='word_1_204' title='bbox 618 1744 736 1770; x_wconf 78' lang='lat' dir='ltr'><strong>certare</strong></span> <span class='ocrx_word' id='word_1_205' title='bbox 761 1739 871 1775; x_wconf 82' lang='lat' dir='ltr'><strong>vellet,</strong></span> <span class='ocrx_word' id='word_1_206' title='bbox 896 1749 1005 1769; x_wconf 88' lang='lat' dir='ltr'><strong>nomen</strong></span> <span class='ocrx_word' id='word_1_207' title='bbox 1030 1739 1059 1768; x_wconf 89' lang='lat' dir='ltr'><strong>ei</strong></span> 
     </span>
     <span class='ocr_line' id='line_1_36' title="bbox 329 1781 1058 1823; baseline 0 -11"><span class='ocrx_word' id='word_1_208' title='bbox 329 1787 395 1813; x_wconf 88' lang='lat' dir='ltr'><strong>erat</strong></span> <span class='ocrx_word' id='word_1_209' title='bbox 412 1783 630 1822; x_wconf 71' lang='lat' dir='ltr'><strong>profitendum.</strong></span> <span class='ocrx_word' id='word_1_210' title='bbox 660 1784 697 1813; x_wconf 81' lang='lat' dir='ltr'><strong>Id</strong></span> <span class='ocrx_word' id='word_1_211' title='bbox 716 1788 779 1813; x_wconf 86' lang='lat' dir='ltr'><strong>tum</strong></span> <span class='ocrx_word' id='word_1_212' title='bbox 800 1781 950 1823; x_wconf 72' lang='grc' dir='ltr'><strong>ἐγράφετο.</strong></span> <span class='ocrx_word' id='word_1_213' title='bbox 980 1783 1058 1813; x_wconf 92' lang='lat' dir='ltr'><strong>Cum</strong></span> 
     </span>
     <span class='ocr_line' id='line_1_37' title="bbox 329 1826 1060 1866; baseline 0 -11"><span class='ocrx_word' id='word_1_214' title='bbox 329 1826 513 1856; x_wconf 80' lang='lat' dir='ltr'><strong>sortirentur</strong></span> <span class='ocrx_word' id='word_1_215' title='bbox 523 1827 609 1866; x_wconf 80' lang='lat' dir='ltr'><strong>paria</strong></span> <span class='ocrx_word' id='word_1_216' title='bbox 618 1827 801 1857; x_wconf 80' lang='lat' dir='ltr'><strong>certantium</strong></span> <span class='ocrx_word' id='word_1_217' title='bbox 809 1827 891 1856; x_wconf 88' lang='lat' dir='ltr'><strong>inter</strong></span> <span class='ocrx_word' id='word_1_218' title='bbox 899 1837 944 1861; x_wconf 88' lang='lat' dir='ltr'><strong>se,</strong></span> <span class='ocrx_word' id='word_1_219' title='bbox 953 1836 1060 1856; x_wconf 83' lang='lat' dir='ltr'><strong>eorum</strong></span> 
     </span>
     <span class='ocr_line' id='line_1_38' title="bbox 328 1868 1060 1910; baseline 0 -12"><span class='ocrx_word' id='word_1_220' title='bbox 328 1869 454 1899; x_wconf 85' lang='lat' dir='ltr'><strong>nomina</strong></span> <span class='ocrx_word' id='word_1_221' title='bbox 473 1868 615 1910; x_wconf 57' lang='grc' dir='ltr'><strong>ἐγράφετο</strong></span> <span class='ocrx_word' id='word_1_222' title='bbox 637 1870 861 1906; x_wconf 81' lang='lat' dir='ltr'><strong>scribebantur,</strong></span> <span class='ocrx_word' id='word_1_223' title='bbox 877 1874 908 1899; x_wconf 88' lang='lat' dir='ltr'><strong>et</strong></span> <span class='ocrx_word' id='word_1_224' title='bbox 924 1869 1060 1910; x_wconf 74' lang='grc' dir='ltr'><strong>ἀντεγρά-</strong></span> 
     </span>
     <span class='ocr_line' id='line_1_39' title="bbox 329 1912 1062 1953; baseline 0.001 -11"><span class='ocrx_word' id='word_1_225' title='bbox 329 1920 400 1953; x_wconf 73' lang='grc' dir='ltr'>φετο</span> <span class='ocrx_word' id='word_1_226' title='bbox 415 1913 747 1944; x_wconf 86' lang='lat' dir='ltr'><strong>contrascribebantur.</strong></span> <span class='ocrx_word' id='word_1_227' title='bbox 780 1913 866 1944; x_wconf 86' lang='lat' dir='ltr'><strong>Hinc</strong></span> <span class='ocrx_word' id='word_1_228' title='bbox 878 1912 1062 1953; x_wconf 70' lang='grc' dir='ltr'>ὧντίγςαφος,</span> 
     </span>
     <span class='ocr_line' id='line_1_40' title="bbox 330 1957 1059 1996; baseline -0.001 -9"><span class='ocrx_word' id='word_1_229' title='bbox 330 1958 421 1996; x_wconf 86' lang='lat' dir='ltr'><strong>cujus</strong></span> <span class='ocrx_word' id='word_1_230' title='bbox 437 1967 548 1987; x_wconf 87' lang='lat' dir='ltr'><strong>nomen</strong></span> <span class='ocrx_word' id='word_1_231' title='bbox 566 1957 609 1987; x_wconf 80' lang='lat' dir='ltr'><strong>ita</strong></span> <span class='ocrx_word' id='word_1_232' title='bbox 626 1963 709 1987; x_wconf 86' lang='lat' dir='ltr'><strong>esset</strong></span> <span class='ocrx_word' id='word_1_233' title='bbox 730 1958 761 1987; x_wconf 85' lang='lat' dir='ltr'><strong>in</strong></span> <span class='ocrx_word' id='word_1_234' title='bbox 785 1957 875 1987; x_wconf 83' lang='lat' dir='ltr'><strong>libris</strong></span> <span class='ocrx_word' id='word_1_235' title='bbox 892 1958 1059 1995; x_wconf 81' lang='lat' dir='ltr'><strong>agonothe-</strong></span> 
     </span>
     <span class='ocr_line' id='line_1_41' title="bbox 331 2000 1058 2041; baseline 0 -11"><span class='ocrx_word' id='word_1_236' title='bbox 331 2004 431 2030; x_wconf 79' lang='lat' dir='ltr'><strong>tarum</strong></span> <span class='ocrx_word' id='word_1_237' title='bbox 445 2001 609 2040; x_wconf 82' lang='lat' dir='ltr'><strong>scriptum,</strong></span> <span class='ocrx_word' id='word_1_238' title='bbox 622 2005 656 2031; x_wconf 86' lang='lat' dir='ltr'><strong>ut</strong></span> <span class='ocrx_word' id='word_1_239' title='bbox 667 2006 750 2031; x_wconf 75' lang='lat' dir='ltr'><strong>esset</strong></span> <span class='ocrx_word' id='word_1_240' title='bbox 763 2001 960 2031; x_wconf 77' lang='lat' dir='ltr'><strong>adversarius</strong></span> <span class='ocrx_word' id='word_1_241' title='bbox 976 2000 1058 2041; x_wconf 84' lang='lat' dir='ltr'><strong>ejus,</strong></span> 
     </span>
     <span class='ocr_line' id='line_1_42' title="bbox 328 2042 711 2084; baseline 0.003 -11"><span class='ocrx_word' id='word_1_242' title='bbox 328 2045 418 2083; x_wconf 83' lang='lat' dir='ltr'><strong>cujus</strong></span> <span class='ocrx_word' id='word_1_243' title='bbox 434 2049 519 2074; x_wconf 83' lang='lat' dir='ltr'><strong>esset</strong></span> <span class='ocrx_word' id='word_1_244' title='bbox 533 2042 711 2084; x_wconf 77' lang='grc' dir='ltr'><strong>ἀντίγραφος.</strong></span> 
     </span>
    </p>

    <p class='ocr_par' dir='ltr' id='par_1_10' title="bbox 331 2086 1060 2212">
     <span class='ocr_line' id='line_1_43' title="bbox 374 2086 1060 2129; baseline -0.003 -11"><span class='ocrx_word' id='word_1_245' title='bbox 374 2087 451 2118; x_wconf 92' lang='lat' dir='ltr'><strong>ibid.</strong></span> <span class='ocrx_word' id='word_1_246' title='bbox 471 2099 501 2118; x_wconf 81' lang='lat' dir='ltr'><strong>v.</strong></span> <span class='ocrx_word' id='word_1_247' title='bbox 518 2090 570 2118; x_wconf 81' lang='lat'><strong>16.</strong></span> <span class='ocrx_word' id='word_1_248' title='bbox 588 2086 796 2129; x_wconf 65' lang='grc' dir='ltr'><strong>συστρατείας]</strong></span> <span class='ocrx_word' id='word_1_249' title='bbox 814 2086 984 2122; x_wconf 85' lang='lat' dir='ltr'><strong>Utrumvis,</strong></span> <span class='ocrx_word' id='word_1_250' title='bbox 1002 2097 1060 2126; x_wconf 90' lang='lat' dir='ltr'><strong>per</strong></span> 
     </span>
     <span class='ocr_line' id='line_1_44' title="bbox 331 2130 1058 2172; baseline -0.001 -11"><span class='ocrx_word' id='word_1_251' title='bbox 331 2143 340 2161; x_wconf 80' lang='grc' dir='ltr'>ι</span> <span class='ocrx_word' id='word_1_252' title='bbox 355 2136 408 2161; x_wconf 89' lang='lat' dir='ltr'><strong>aut</strong></span> <span class='ocrx_word' id='word_1_253' title='bbox 421 2142 477 2170; x_wconf 87' lang='lat' dir='ltr'><strong>per</strong></span> <span class='ocrx_word' id='word_1_254' title='bbox 492 2142 514 2161; x_wconf 89' lang='grc' dir='ltr'><strong>ει</strong></span> <span class='ocrx_word' id='word_1_255' title='bbox 534 2132 772 2172; x_wconf 77' lang='lat' dir='ltr'><strong>diphthongum,</strong></span> <span class='ocrx_word' id='word_1_256' title='bbox 790 2130 923 2161; x_wconf 85' lang='lat' dir='ltr'><strong>labentis</strong></span> <span class='ocrx_word' id='word_1_257' title='bbox 939 2135 987 2161; x_wconf 87' lang='lat' dir='ltr'><strong>est</strong></span> <span class='ocrx_word' id='word_1_258' title='bbox 1005 2141 1058 2161; x_wconf 90' lang='lat' dir='ltr'><strong>vo-</strong></span> 
     </span>
     <span class='ocr_line' id='line_1_45' title="bbox 331 2174 970 2212; baseline 0 -8"><span class='ocrx_word' id='word_1_259' title='bbox 331 2175 475 2205; x_wconf 87' lang='lat' dir='ltr'><strong>cabulum</strong></span> <span class='ocrx_word' id='word_1_260' title='bbox 493 2175 683 2212; x_wconf 58' lang='lat' dir='ltr'><strong>Graecitatis,</strong></span> <span class='ocrx_word' id='word_1_261' title='bbox 700 2186 759 2205; x_wconf 87' lang='lat' dir='ltr'><strong>non</strong></span> <span class='ocrx_word' id='word_1_262' title='bbox 778 2174 970 2205; x_wconf 79' lang='lat' dir='ltr'><strong>AEscltineae.</strong></span> 
     </span>
    </p>

    <p class='ocr_par' dir='ltr' id='par_1_11' title="bbox 330 2218 1059 2303">
     <span class='ocr_line' id='line_1_46' title="bbox 374 2218 1059 2261; baseline 0.001 -13"><span class='ocrx_word' id='word_1_263' title='bbox 374 2218 453 2249; x_wconf 85' lang='lat' dir='ltr'><strong>ibid.</strong></span> <span class='ocrx_word' id='word_1_264' title='bbox 468 2229 497 2248; x_wconf 84' lang='lat' dir='ltr'><strong>v.</strong></span> <span class='ocrx_word' id='word_1_265' title='bbox 509 2219 567 2249; x_wconf 87' lang='lat' dir='ltr'><strong>ult.</strong></span> <span class='ocrx_word' id='word_1_266' title='bbox 582 2219 700 2261; x_wconf 69' lang='grc' dir='ltr'>αὐτοὺς]</span> <span class='ocrx_word' id='word_1_267' title='bbox 725 2219 808 2249; x_wconf 89' lang='lat' dir='ltr'><strong>Dedi</strong></span> <span class='ocrx_word' id='word_1_268' title='bbox 825 2219 864 2249; x_wconf 89' lang='lat' dir='ltr'><strong>de</strong></span> <span class='ocrx_word' id='word_1_269' title='bbox 876 2229 946 2248; x_wconf 87' lang='lat' dir='ltr'><strong>meo</strong></span> <span class='ocrx_word' id='word_1_270' title='bbox 961 2218 1059 2249; x_wconf 68' lang='grc' dir='ltr'>αὐτοῦ.</span> 
     </span>
     <span class='ocr_line' id='line_1_47' title="bbox 330 2260 999 2303; baseline -0.003 -11"><span class='ocrx_word' id='word_1_271' title='bbox 330 2263 413 2292; x_wconf 89' lang='lat' dir='ltr'><strong>redit</strong></span> <span class='ocrx_word' id='word_1_272' title='bbox 430 2262 468 2292; x_wconf 90' lang='lat' dir='ltr'><strong>ad</strong></span> <span class='ocrx_word' id='word_1_273' title='bbox 484 2263 690 2303; x_wconf 76' lang='lat' dir='ltr'><strong>Antipatrum.</strong></span> <span class='ocrx_word' id='word_1_274' title='bbox 708 2273 769 2302; x_wconf 89' lang='lat' dir='ltr'><strong>quo</strong></span> <span class='ocrx_word' id='word_1_275' title='bbox 786 2262 879 2292; x_wconf 87' lang='lat' dir='ltr'><strong>etiam</strong></span> <span class='ocrx_word' id='word_1_276' title='bbox 894 2260 999 2291; x_wconf 79' lang='grc' dir='ltr'><strong>ἐκεῖνον.</strong></span> 
     </span>
    </p>

    <p class='ocr_par' dir='ltr' id='par_1_12' title="bbox 332 2303 1059 2467">
     <span class='ocr_line' id='line_1_48' title="bbox 376 2303 1059 2346; baseline -0.003 -10"><span class='ocrx_word' id='word_1_277' title='bbox 376 2306 452 2336; x_wconf 86' lang='lat' dir='ltr'><strong>ibid.</strong></span> <span class='ocrx_word' id='word_1_278' title='bbox 468 2317 500 2346; x_wconf 87' lang='lat' dir='ltr'><strong>p.</strong></span> <span class='ocrx_word' id='word_1_279' title='bbox 516 2308 591 2337; x_wconf 81' lang='lat'><strong>317.</strong></span> <span class='ocrx_word' id='word_1_280' title='bbox 608 2317 638 2336; x_wconf 92' lang='lat' dir='ltr'><strong>v.</strong></span> <span class='ocrx_word' id='word_1_281' title='bbox 656 2309 686 2336; x_wconf 84' lang='lat'><strong>1.</strong></span> <span class='ocrx_word' id='word_1_282' title='bbox 700 2305 903 2346; x_wconf 74' lang='grc' dir='ltr'>κατελύσατε]</span> <span class='ocrx_word' id='word_1_283' title='bbox 927 2303 1059 2335; x_wconf 77' lang='grc' dir='ltr'>καταλύ-</span> 
     </span>
     <span class='ocr_line' id='line_1_49' title="bbox 332 2349 1059 2380; baseline -0.003 0"><span class='ocrx_word' id='word_1_284' title='bbox 332 2361 409 2380; x_wconf 60' lang='lat' dir='ltr'><strong>cetae</strong></span> <span class='ocrx_word' id='word_1_285' title='bbox 424 2350 561 2380; x_wconf 73' lang='lat' dir='ltr'><strong>Helmst.</strong></span> <span class='ocrx_word' id='word_1_286' title='bbox 586 2350 669 2379; x_wconf 86' lang='lat' dir='ltr'><strong>Num</strong></span> <span class='ocrx_word' id='word_1_287' title='bbox 690 2350 895 2380; x_wconf 72' lang='grc' dir='ltr'>κατα-λύσαιτε</span> <span class='ocrx_word' id='word_1_288' title='bbox 912 2349 985 2380; x_wconf 84' lang='lat' dir='ltr'><strong>dare</strong></span> <span class='ocrx_word' id='word_1_289' title='bbox 1004 2359 1059 2379; x_wconf 88' lang='lat' dir='ltr'><strong>vo-</strong></span> 
     </span>
     <span class='ocr_line' id='line_1_50' title="bbox 334 2391 1059 2436; baseline 0 -13"><span class='ocrx_word' id='word_1_290' title='bbox 334 2394 405 2429; x_wconf 82' lang='lat' dir='ltr'><strong>luit,</strong></span> <span class='ocrx_word' id='word_1_291' title='bbox 429 2394 517 2424; x_wconf 78' lang='lat' dir='ltr'><strong>illum</strong></span> <span class='ocrx_word' id='word_1_292' title='bbox 542 2394 660 2435; x_wconf 71' lang='lat' dir='ltr'><strong>qitidem</strong></span> <span class='ocrx_word' id='word_1_293' title='bbox 683 2391 918 2436; x_wconf 75' lang='lat' dir='ltr'><strong>(Antipatrum)</strong></span> <span class='ocrx_word' id='word_1_294' title='bbox 938 2393 1059 2423; x_wconf 73' lang='lat' dir='ltr'><strong>deleatis</strong></span> 
     </span>
     <span class='ocr_line' id='line_1_51' title="bbox 332 2437 430 2467; baseline 0 0"><span class='ocrx_word' id='word_1_295' title='bbox 332 2437 430 2467; x_wconf 76' lang='lat' dir='ltr'><strong>velim.</strong></span> 
     </span>
    </p>

    <p class='ocr_par' dir='ltr' id='par_1_13' title="bbox 333 2478 1058 2563">
     <span class='ocr_line' id='line_1_52' title="bbox 377 2478 1058 2522; baseline -0.003 -11"><span class='ocrx_word' id='word_1_296' title='bbox 377 2482 438 2520; x_wconf 91' lang='lat' dir='ltr'><strong>Ep.</strong></span> <span class='ocrx_word' id='word_1_297' title='bbox 454 2478 503 2514; x_wconf 75' lang='grc' dir='ltr'><strong>ιβ’.</strong></span> <span class='ocrx_word' id='word_1_298' title='bbox 524 2491 555 2521; x_wconf 88' lang='lat' dir='ltr'><strong>p.</strong></span> <span class='ocrx_word' id='word_1_299' title='bbox 575 2481 651 2511; x_wconf 83' lang='lat'><strong>318.</strong></span> <span class='ocrx_word' id='word_1_300' title='bbox 674 2491 703 2509; x_wconf 88' lang='lat' dir='ltr'><strong>v.</strong></span> <span class='ocrx_word' id='word_1_301' title='bbox 726 2483 756 2510; x_wconf 90' lang='lat'><strong>1.</strong></span> <span class='ocrx_word' id='word_1_302' title='bbox 779 2479 892 2522; x_wconf 76' lang='grc' dir='ltr'><strong>λόγους]</strong></span> <span class='ocrx_word' id='word_1_303' title='bbox 917 2479 1058 2510; x_wconf 82' lang='lat' dir='ltr'><strong>Praetuli.</strong></span> 
     </span>
     <span class='ocr_line' id='line_1_53' title="bbox 333 2523 736 2563; baseline -0.002 -9"><span class='ocrx_word' id='word_1_304' title='bbox 333 2525 469 2555; x_wconf 79' lang='lat' dir='ltr'><strong>cohaeret</strong></span> <span class='ocrx_word' id='word_1_305' title='bbox 485 2535 554 2554; x_wconf 76' lang='lat' dir='ltr'><strong>cuin</strong></span> <span class='ocrx_word' id='word_1_306' title='bbox 571 2523 736 2563; x_wconf 70' lang='grc' dir='ltr'>γυμνάσας.</span> 
     </span>
    </p>

    <p class='ocr_par' dir='ltr' id='par_1_14' title="bbox 323 2566 1059 2958">
     <span class='ocr_line' id='line_1_54' title="bbox 377 2566 1057 2608; baseline -0.001 -11"><span class='ocrx_word' id='word_1_307' title='bbox 377 2568 454 2599; x_wconf 86' lang='lat' dir='ltr'><strong>ibid.</strong></span> <span class='ocrx_word' id='word_1_308' title='bbox 468 2578 499 2598; x_wconf 82' lang='lat' dir='ltr'><strong>v.</strong></span> <span class='ocrx_word' id='word_1_309' title='bbox 512 2571 562 2599; x_wconf 84' lang='lat'><strong>17.</strong></span> <span class='ocrx_word' id='word_1_310' title='bbox 575 2566 674 2607; x_wconf 71' lang='grc' dir='ltr'>μικςδν</span> <span class='ocrx_word' id='word_1_311' title='bbox 685 2567 737 2608; x_wconf 88' lang='grc' dir='ltr'>εἰς]</span> <span class='ocrx_word' id='word_1_312' title='bbox 754 2566 792 2601; x_wconf 81' lang='grc' dir='ltr'><strong>εἷς</strong></span> <span class='ocrx_word' id='word_1_313' title='bbox 802 2567 924 2596; x_wconf 85' lang='lat' dir='ltr'><strong>mallem</strong></span> <span class='ocrx_word' id='word_1_314' title='bbox 937 2567 1057 2602; x_wconf 86' lang='lat' dir='ltr'><strong>abesse,</strong></span> 
     </span>
     <span class='ocr_line' id='line_1_55' title="bbox 333 2609 1058 2650; baseline -0.001 -9"><span class='ocrx_word' id='word_1_315' title='bbox 333 2616 365 2642; x_wconf 88' lang='lat' dir='ltr'><strong>et</strong></span> <span class='ocrx_word' id='word_1_316' title='bbox 391 2611 436 2641; x_wconf 87' lang='lat' dir='ltr'><strong>sic</strong></span> <span class='ocrx_word' id='word_1_317' title='bbox 459 2616 554 2641; x_wconf 86' lang='lat' dir='ltr'><strong>totum</strong></span> <span class='ocrx_word' id='word_1_318' title='bbox 572 2611 672 2641; x_wconf 89' lang='lat' dir='ltr'><strong>locum</strong></span> <span class='ocrx_word' id='word_1_319' title='bbox 689 2611 770 2650; x_wconf 81' lang='lat' dir='ltr'><strong>legi:</strong></span> <span class='ocrx_word' id='word_1_320' title='bbox 793 2609 946 2650; x_wconf 68' lang='grc' dir='ltr'>ἐξέπεσον,</span> <span class='ocrx_word' id='word_1_321' title='bbox 962 2611 990 2640; x_wconf 71' lang='grc' dir='ltr'><strong>οὐ</strong></span> <span class='ocrx_word' id='word_1_322' title='bbox 1003 2623 1058 2650; x_wconf 83' lang='grc' dir='ltr'><strong>μι-</strong></span> 
     </span>
     <span class='ocr_line' id='line_1_56' title="bbox 332 2654 1058 2696; baseline -0.003 -11"><span class='ocrx_word' id='word_1_323' title='bbox 332 2655 392 2696; x_wconf 58' lang='grc' dir='ltr'><strong>κρὸν</strong></span> <span class='ocrx_word' id='word_1_324' title='bbox 406 2655 514 2695; x_wconf 80' lang='grc' dir='ltr'>δεῖγμα</span> <span class='ocrx_word' id='word_1_325' title='bbox 528 2656 615 2685; x_wconf 79' lang='grc' dir='ltr'><strong>τοῦτο</strong></span> <span class='ocrx_word' id='word_1_326' title='bbox 628 2655 679 2684; x_wconf 71' lang='grc' dir='ltr'><strong>’τοῦ</strong></span> <span class='ocrx_word' id='word_1_327' title='bbox 693 2655 743 2684; x_wconf 73' lang='grc' dir='ltr'><strong>καῖ</strong></span> <span class='ocrx_word' id='word_1_328' title='bbox 759 2654 836 2694; x_wconf 73' lang='grc' dir='ltr'>ὑμᾶς</span> <span class='ocrx_word' id='word_1_329' title='bbox 851 2654 954 2688; x_wconf 67' lang='grc' dir='ltr'>αὐτοὺς</span> <span class='ocrx_word' id='word_1_330' title='bbox 963 2654 1058 2688; x_wconf 78' lang='grc' dir='ltr'>καλῶς</span> 
     </span>
     <span class='ocr_line' id='line_1_57' title="bbox 334 2696 1057 2738; baseline -0.003 -9"><span class='ocrx_word' id='word_1_331' title='bbox 334 2698 389 2738; x_wconf 79' lang='grc' dir='ltr'><strong>ἐμὲ</strong></span> <span class='ocrx_word' id='word_1_332' title='bbox 409 2697 638 2729; x_wconf 70' lang='grc' dir='ltr'>πεπολιτεῦσθαι</span> <span class='ocrx_word' id='word_1_333' title='bbox 657 2697 788 2738; x_wconf 82' lang='grc' dir='ltr'>νομίζειν,</span> <span class='ocrx_word' id='word_1_334' title='bbox 810 2698 887 2738; x_wconf 81' lang='lat' dir='ltr'><strong>quod</strong></span> <span class='ocrx_word' id='word_1_335' title='bbox 910 2707 945 2726; x_wconf 70' lang='lat' dir='ltr'><strong>&#39;ne</strong></span> <span class='ocrx_word' id='word_1_336' title='bbox 960 2709 979 2727; x_wconf 87' lang='grc' dir='ltr'>α</span> <span class='ocrx_word' id='word_1_337' title='bbox 995 2696 1057 2727; x_wconf 89' lang='lat' dir='ltr'><strong>De-</strong></span> 
     </span>
     <span class='ocr_line' id='line_1_58' title="bbox 332 2742 1059 2782; baseline -0.003 -10"><span class='ocrx_word' id='word_1_338' title='bbox 332 2742 479 2772; x_wconf 82' lang='lat' dir='ltr'><strong>mosthene</strong></span> <span class='ocrx_word' id='word_1_339' title='bbox 505 2743 623 2782; x_wconf 78' lang='lat' dir='ltr'><strong>quidem</strong></span> <span class='ocrx_word' id='word_1_340' title='bbox 659 2746 816 2772; x_wconf 74' lang='lat' dir='ltr'><strong>accusante</strong></span> <span class='ocrx_word' id='word_1_341' title='bbox 851 2742 1059 2771; x_wconf 80' lang='lat' dir='ltr'><strong>condemnatus</strong></span> 
     </span>
     <span class='ocr_line' id='line_1_59' title="bbox 323 2784 1058 2826; baseline -0.001 -11"><span class='ocrx_word' id='word_1_342' title='bbox 323 2784 456 2826; x_wconf 79' lang='lat' dir='ltr'><strong>fuerim,</strong></span> <span class='ocrx_word' id='word_1_343' title='bbox 480 2785 533 2815; x_wconf 80' lang='lat' dir='ltr'><strong>hoc</strong></span> <span class='ocrx_word' id='word_1_344' title='bbox 554 2796 613 2815; x_wconf 78' lang='lat' dir='ltr'><strong>non</strong></span> <span class='ocrx_word' id='word_1_345' title='bbox 635 2785 877 2816; x_wconf 68' lang='lat' dir='ltr'><strong>commanendum</strong></span> <span class='ocrx_word' id='word_1_346' title='bbox 898 2785 994 2815; x_wconf 79' lang='lat' dir='ltr'><strong>visum</strong></span> <span class='ocrx_word' id='word_1_347' title='bbox 1017 2790 1058 2814; x_wconf 82' lang='lat' dir='ltr'><strong>est</strong></span> 
     </span>
     <span class='ocr_line' id='line_1_60' title="bbox 334 2827 1058 2870; baseline 0 -12"><span class='ocrx_word' id='word_1_348' title='bbox 334 2834 559 2870; x_wconf 81' lang='lat' dir='ltr'><strong>argumentum,</strong></span> <span class='ocrx_word' id='word_1_349' title='bbox 573 2839 621 2859; x_wconf 73' lang='lat' dir='ltr'><strong>vos</strong></span> <span class='ocrx_word' id='word_1_350' title='bbox 635 2829 708 2868; x_wconf 78' lang='lat' dir='ltr'><strong>ipsos</strong></span> <span class='ocrx_word' id='word_1_351' title='bbox 721 2839 846 2865; x_wconf 78' lang='lat' dir='ltr'><strong>censere,</strong></span> <span class='ocrx_word' id='word_1_352' title='bbox 859 2839 903 2858; x_wconf 82' lang='lat' dir='ltr'><strong>me</strong></span> <span class='ocrx_word' id='word_1_353' title='bbox 915 2827 1058 2867; x_wconf 80' lang='lat' dir='ltr'><strong>praeclare</strong></span> 
     </span>
     <span class='ocr_line' id='line_1_61' title="bbox 334 2871 1056 2912; baseline 0.001 -12"><span class='ocrx_word' id='word_1_354' title='bbox 334 2873 367 2901; x_wconf 83' lang='lat' dir='ltr'><strong>in</strong></span> <span class='ocrx_word' id='word_1_355' title='bbox 384 2871 459 2912; x_wconf 80' lang='lat' dir='ltr'><strong>Rep.</strong></span> <span class='ocrx_word' id='word_1_356' title='bbox 476 2877 625 2902; x_wconf 76' lang='lat' dir='ltr'><strong>versatum</strong></span> <span class='ocrx_word' id='word_1_357' title='bbox 640 2882 707 2902; x_wconf 82' lang='lat' dir='ltr'><strong>esse.</strong></span> <span class='ocrx_word' id='word_1_358' title='bbox 723 2871 812 2912; x_wconf 76' lang='grc' dir='ltr'>ἐφάνη</span> <span class='ocrx_word' id='word_1_359' title='bbox 828 2872 965 2904; x_wconf 85' lang='lat' dir='ltr'><strong>cohaeret</strong></span> <span class='ocrx_word' id='word_1_360' title='bbox 987 2881 1056 2902; x_wconf 91' lang='lat' dir='ltr'><strong>cum</strong></span> 
     </span>
     <span class='ocr_line' id='line_1_62' title="bbox 335 2914 796 2958; baseline 0.009 -14"><span class='ocrx_word' id='word_1_361' title='bbox 335 2915 457 2956; x_wconf 70' lang='grc' dir='ltr'>δεῖγμα,</span> <span class='ocrx_word' id='word_1_362' title='bbox 471 2921 503 2946; x_wconf 84' lang='lat' dir='ltr'><strong>et</strong></span> <span class='ocrx_word' id='word_1_363' title='bbox 516 2914 636 2958; x_wconf 83' lang='grc' dir='ltr'>νομίζειν</span> <span class='ocrx_word' id='word_1_364' title='bbox 650 2926 720 2947; x_wconf 88' lang='lat' dir='ltr'><strong>oum</strong></span> <span class='ocrx_word' id='word_1_365' title='bbox 734 2917 796 2948; x_wconf 76' lang='grc' dir='ltr'><strong>τοῦ.</strong></span> 
     </span>
    </p>
   </div>
   <div class='ocr_carea' id='block_1_3' title="bbox 730 211 1455 258">
    <p class='ocr_par' dir='ltr' id='par_1_15' title="bbox 730 211 1455 258">
     <span class='ocr_line' id='line_1_63' title="bbox 730 211 1455 258; baseline 0.003 -3"><span class='ocrx_word' id='word_1_366' title='bbox 730 211 965 256; x_wconf 88' lang='lat' dir='ltr'><strong>REISKII</strong></span> <span class='ocrx_word' id='word_1_367' title='bbox 997 211 1333 256; x_wconf 88' lang='lat' dir='ltr'><strong>ANNOTATA</strong></span> <span class='ocrx_word' id='word_1_368' title='bbox 1369 220 1455 258; x_wconf 86' lang='lat' dir='ltr'><strong>etc.</strong></span> 
     </span>
    </p>
   </div>
   <div class='ocr_carea' id='block_1_4' title="bbox 1088 302 1830 2909">
    <p class='ocr_par' dir='ltr' id='par_1_16' title="bbox 1095 302 1830 945">
     <span class='ocr_line' id='line_1_64' title="bbox 1143 302 1830 345; baseline 0.004 -11"><span class='ocrx_word' id='word_1_369' title='bbox 1143 303 1221 334; x_wconf 88' lang='lat' dir='ltr'><strong>ibid.</strong></span> <span class='ocrx_word' id='word_1_370' title='bbox 1236 314 1268 334; x_wconf 90' lang='lat' dir='ltr'><strong>v.</strong></span> <span class='ocrx_word' id='word_1_371' title='bbox 1285 306 1336 335; x_wconf 70' lang='lat'><strong>21.</strong></span> <span class='ocrx_word' id='word_1_372' title='bbox 1352 302 1409 340; x_wconf 73' lang='grc' dir='ltr'><strong>ὅτι,</strong></span> <span class='ocrx_word' id='word_1_373' title='bbox 1424 303 1520 345; x_wconf 57' lang='grc' dir='ltr'>ὥσπερ</span> <span class='ocrx_word' id='word_1_374' title='bbox 1542 303 1725 340; x_wconf 68' lang='grc' dir='ltr'><strong>ἀποθανόντες</strong></span> <span class='ocrx_word' id='word_1_375' title='bbox 1743 304 1771 337; x_wconf 75' lang='grc' dir='ltr'><strong>οἱ</strong></span> <span class='ocrx_word' id='word_1_376' title='bbox 1782 305 1830 337; x_wconf 78' lang='grc' dir='ltr'><strong>ἅν-</strong></span> 
     </span>
     <span class='ocr_line' id='line_1_65' title="bbox 1099 346 1825 391; baseline 0.001 -13"><span class='ocrx_word' id='word_1_377' title='bbox 1099 346 1222 389; x_wconf 63' lang='grc' dir='ltr'><strong>θρωποι,</strong></span> <span class='ocrx_word' id='word_1_378' title='bbox 1251 346 1323 377; x_wconf 67' lang='grc' dir='ltr'><strong>οὕτω</strong></span> <span class='ocrx_word' id='word_1_379' title='bbox 1353 347 1402 377; x_wconf 75' lang='grc' dir='ltr'>καῖ</span> <span class='ocrx_word' id='word_1_380' title='bbox 1428 347 1591 390; x_wconf 70' lang='grc' dir='ltr'>φεύγοντες]</span> <span class='ocrx_word' id='word_1_381' title='bbox 1619 349 1673 379; x_wconf 79' lang='lat' dir='ltr'><strong>Sic</strong></span> <span class='ocrx_word' id='word_1_382' title='bbox 1695 350 1825 391; x_wconf 80' lang='lat' dir='ltr'><strong>vulgati.</strong></span> 
     </span>
     <span class='ocr_line' id='line_1_66' title="bbox 1099 391 1823 432; baseline 0.003 -11"><span class='ocrx_word' id='word_1_383' title='bbox 1099 402 1192 432; x_wconf 90' lang='lat' dir='ltr'><strong>quam</strong></span> <span class='ocrx_word' id='word_1_384' title='bbox 1206 391 1371 421; x_wconf 82' lang='lat' dir='ltr'><strong>lectionem</strong></span> <span class='ocrx_word' id='word_1_385' title='bbox 1385 391 1528 422; x_wconf 86' lang='lat' dir='ltr'><strong>vitiosam</strong></span> <span class='ocrx_word' id='word_1_386' title='bbox 1545 403 1624 428; x_wconf 85' lang='lat' dir='ltr'><strong>esse,</strong></span> <span class='ocrx_word' id='word_1_387' title='bbox 1638 393 1687 423; x_wconf 87' lang='lat' dir='ltr'><strong>vel</strong></span> <span class='ocrx_word' id='word_1_388' title='bbox 1698 393 1757 423; x_wconf 81' lang='lat' dir='ltr'><strong>hoc.</strong></span> <span class='ocrx_word' id='word_1_389' title='bbox 1774 403 1823 423; x_wconf 89' lang='lat' dir='ltr'><strong>so-</strong></span> 
     </span>
     <span class='ocr_line' id='line_1_67' title="bbox 1098 435 1822 475; baseline 0.001 -11"><span class='ocrx_word' id='word_1_390' title='bbox 1098 435 1164 465; x_wconf 90' lang='lat' dir='ltr'><strong>lum</strong></span> <span class='ocrx_word' id='word_1_391' title='bbox 1179 435 1296 475; x_wconf 80' lang='lat' dir='ltr'><strong>prodit,</strong></span> <span class='ocrx_word' id='word_1_392' title='bbox 1313 435 1396 475; x_wconf 88' lang='lat' dir='ltr'><strong>quod</strong></span> <span class='ocrx_word' id='word_1_393' title='bbox 1410 439 1481 465; x_wconf 86' lang='lat' dir='ltr'><strong>ante</strong></span> <span class='ocrx_word' id='word_1_394' title='bbox 1491 435 1638 475; x_wconf 81' lang='grc' dir='ltr'>φεύγοντες</span> <span class='ocrx_word' id='word_1_395' title='bbox 1651 435 1734 465; x_wconf 87' lang='lat' dir='ltr'><strong>desit</strong></span> <span class='ocrx_word' id='word_1_396' title='bbox 1748 436 1822 466; x_wconf 83' lang='lat' dir='ltr'><strong>arti-</strong></span> 
     </span>
     <span class='ocr_line' id='line_1_68' title="bbox 1099 478 1823 519; baseline 0 -10"><span class='ocrx_word' id='word_1_397' title='bbox 1099 480 1200 516; x_wconf 85' lang='lat' dir='ltr'><strong>culus,</strong></span> <span class='ocrx_word' id='word_1_398' title='bbox 1223 478 1415 509; x_wconf 88' lang='lat' dir='ltr'><strong>necessarius</strong></span> <span class='ocrx_word' id='word_1_399' title='bbox 1439 479 1558 519; x_wconf 86' lang='lat' dir='ltr'><strong>utique,</strong></span> <span class='ocrx_word' id='word_1_400' title='bbox 1583 479 1611 509; x_wconf 92' lang='lat' dir='ltr'><strong>si</strong></span> <span class='ocrx_word' id='word_1_401' title='bbox 1630 479 1691 509; x_wconf 90' lang='lat' dir='ltr'><strong>dno</strong></span> <span class='ocrx_word' id='word_1_402' title='bbox 1710 489 1823 518; x_wconf 84' lang='lat' dir='ltr'><strong>genera</strong></span> 
     </span>
     <span class='ocr_line' id='line_1_69' title="bbox 1099 522 1822 559; baseline 0 -7"><span class='ocrx_word' id='word_1_403' title='bbox 1099 522 1268 559; x_wconf 88' lang='lat' dir='ltr'><strong>hominum,</strong></span> <span class='ocrx_word' id='word_1_404' title='bbox 1285 522 1398 553; x_wconf 89' lang='lat' dir='ltr'><strong>mortui</strong></span> <span class='ocrx_word' id='word_1_405' title='bbox 1413 533 1483 553; x_wconf 88' lang='lat' dir='ltr'><strong>cum</strong></span> <span class='ocrx_word' id='word_1_406' title='bbox 1495 522 1721 558; x_wconf 78' lang='lat' dir='ltr'><strong>exsulantibus,</strong></span> <span class='ocrx_word' id='word_1_407' title='bbox 1737 522 1822 553; x_wconf 86' lang='lat' dir='ltr'><strong>velut</strong></span> 
     </span>
     <span class='ocr_line' id='line_1_70' title="bbox 1099 565 1821 607; baseline -0.001 -11"><span class='ocrx_word' id='word_1_408' title='bbox 1099 566 1225 596; x_wconf 78' lang='lat' dir='ltr'><strong>diversa</strong></span> <span class='ocrx_word' id='word_1_409' title='bbox 1247 567 1326 596; x_wconf 89' lang='lat' dir='ltr'><strong>inter</strong></span> <span class='ocrx_word' id='word_1_410' title='bbox 1343 577 1376 596; x_wconf 86' lang='lat' dir='ltr'><strong>se</strong></span> <span class='ocrx_word' id='word_1_411' title='bbox 1392 567 1586 607; x_wconf 76' lang='lat' dir='ltr'><strong>copulentur.</strong></span> <span class='ocrx_word' id='word_1_412' title='bbox 1632 566 1695 596; x_wconf 87' lang='lat' dir='ltr'><strong>Sed</strong></span> <span class='ocrx_word' id='word_1_413' title='bbox 1717 565 1821 606; x_wconf 63' lang='lat' dir='ltr'><strong>(Za-weg</strong></span> 
     </span>
     <span class='ocr_line' id='line_1_71' title="bbox 1099 609 1822 641; baseline 0.001 -3"><span class='ocrx_word' id='word_1_414' title='bbox 1099 610 1187 640; x_wconf 73' lang='lat' dir='ltr'><strong>abest</strong></span> <span class='ocrx_word' id='word_1_415' title='bbox 1209 610 1247 640; x_wconf 88' lang='lat' dir='ltr'><strong>ab</strong></span> <span class='ocrx_word' id='word_1_416' title='bbox 1270 610 1406 641; x_wconf 88' lang='lat' dir='ltr'><strong>Helmst.</strong></span> <span class='ocrx_word' id='word_1_417' title='bbox 1430 615 1461 640; x_wconf 90' lang='lat' dir='ltr'><strong>et</strong></span> <span class='ocrx_word' id='word_1_418' title='bbox 1487 610 1561 641; x_wconf 83' lang='lat' dir='ltr'><strong>Ald.</strong></span> <span class='ocrx_word' id='word_1_419' title='bbox 1583 615 1681 640; x_wconf 85' lang='lat' dir='ltr'><strong>recte.</strong></span> <span class='ocrx_word' id='word_1_420' title='bbox 1719 609 1822 639; x_wconf 88' lang='lat' dir='ltr'><strong>Iidem</strong></span> 
     </span>
     <span class='ocr_line' id='line_1_72' title="bbox 1098 653 1822 684; baseline 0 -2"><span class='ocrx_word' id='word_1_421' title='bbox 1098 653 1180 683; x_wconf 88' lang='lat' dir='ltr'><strong>enim</strong></span> <span class='ocrx_word' id='word_1_422' title='bbox 1199 658 1272 683; x_wconf 89' lang='lat' dir='ltr'><strong>sunt</strong></span> <span class='ocrx_word' id='word_1_423' title='bbox 1285 653 1398 684; x_wconf 79' lang='lat' dir='ltr'><strong>mortui</strong></span> <span class='ocrx_word' id='word_1_424' title='bbox 1414 664 1484 684; x_wconf 90' lang='lat' dir='ltr'><strong>cum</strong></span> <span class='ocrx_word' id='word_1_425' title='bbox 1501 653 1730 683; x_wconf 82' lang='lat' dir='ltr'><strong>exsulantibus.</strong></span> <span class='ocrx_word' id='word_1_426' title='bbox 1752 662 1822 683; x_wconf 87' lang='lat' dir='ltr'><strong>nam</strong></span> 
     </span>
     <span class='ocr_line' id='line_1_73' title="bbox 1097 696 1823 737; baseline 0 -11"><span class='ocrx_word' id='word_1_427' title='bbox 1097 697 1149 735; x_wconf 86' lang='lat' dir='ltr'><strong>qui</strong></span> <span class='ocrx_word' id='word_1_428' title='bbox 1164 697 1319 735; x_wconf 78' lang='lat' dir='ltr'><strong>exsulant,</strong></span> <span class='ocrx_word' id='word_1_429' title='bbox 1340 708 1397 737; x_wconf 89' lang='lat' dir='ltr'><strong>pro</strong></span> <span class='ocrx_word' id='word_1_430' title='bbox 1413 708 1450 728; x_wconf 90' lang='lat' dir='ltr'><strong>ea</strong></span> <span class='ocrx_word' id='word_1_431' title='bbox 1465 698 1549 737; x_wconf 86' lang='lat' dir='ltr'><strong>Rep.</strong></span> <span class='ocrx_word' id='word_1_432' title='bbox 1567 697 1650 726; x_wconf 92' lang='lat' dir='ltr'><strong>unde</strong></span> <span class='ocrx_word' id='word_1_433' title='bbox 1670 696 1823 734; x_wconf 84' lang='lat' dir='ltr'><strong>exsulant,</strong></span> 
     </span>
     <span class='ocr_line' id='line_1_74' title="bbox 1098 740 1821 779; baseline 0 -10"><span class='ocrx_word' id='word_1_434' title='bbox 1098 740 1233 770; x_wconf 89' lang='lat' dir='ltr'><strong>civiliter</strong></span> <span class='ocrx_word' id='word_1_435' title='bbox 1248 742 1371 771; x_wconf 85' lang='lat' dir='ltr'><strong>mortui.</strong></span> <span class='ocrx_word' id='word_1_436' title='bbox 1390 741 1528 776; x_wconf 83' lang='lat' dir='ltr'><strong>homines,</strong></span> <span class='ocrx_word' id='word_1_437' title='bbox 1542 740 1597 775; x_wconf 87' lang='lat' dir='ltr'><strong>ait,</strong></span> <span class='ocrx_word' id='word_1_438' title='bbox 1620 740 1672 775; x_wconf 83' lang='lat' dir='ltr'><strong>sic,</strong></span> <span class='ocrx_word' id='word_1_439' title='bbox 1694 745 1726 770; x_wconf 89' lang='lat' dir='ltr'><strong>ut</strong></span> <span class='ocrx_word' id='word_1_440' title='bbox 1749 750 1821 779; x_wconf 87' lang='lat' dir='ltr'><strong>ego,</strong></span> 
     </span>
     <span class='ocr_line' id='line_1_75' title="bbox 1097 782 1823 825; baseline 0 -12"><span class='ocrx_word' id='word_1_441' title='bbox 1097 786 1218 821; x_wconf 80' lang='lat' dir='ltr'><strong>mortui,</strong></span> <span class='ocrx_word' id='word_1_442' title='bbox 1231 783 1336 825; x_wconf 83' lang='lat' dir='ltr'><strong>(addit</strong></span> <span class='ocrx_word' id='word_1_443' title='bbox 1349 795 1406 824; x_wconf 89' lang='lat' dir='ltr'><strong>per</strong></span> <span class='ocrx_word' id='word_1_444' title='bbox 1421 783 1624 815; x_wconf 83' lang='lat' dir='ltr'><strong>enarrationis</strong></span> <span class='ocrx_word' id='word_1_445' title='bbox 1637 782 1781 824; x_wconf 87' lang='lat' dir='ltr'><strong>modum)</strong></span> <span class='ocrx_word' id='word_1_446' title='bbox 1794 788 1823 813; x_wconf 87' lang='lat' dir='ltr'><strong>et</strong></span> 
     </span>
     <span class='ocr_line' id='line_1_76' title="bbox 1096 826 1822 868; baseline 0 -12"><span class='ocrx_word' id='word_1_447' title='bbox 1096 828 1269 858; x_wconf 70' lang='lat' dir='ltr'><strong>exsulantes.</strong></span> <span class='ocrx_word' id='word_1_448' title='bbox 1299 832 1489 868; x_wconf 84' lang='lat' dir='ltr'><strong>quapropter</strong></span> <span class='ocrx_word' id='word_1_449' title='bbox 1517 827 1615 867; x_wconf 62' lang='lat' dir='ltr'><strong>ciis-mg</strong></span> <span class='ocrx_word' id='word_1_450' title='bbox 1639 826 1764 862; x_wconf 85' lang='lat' dir='ltr'><strong>sustuli,</strong></span> <span class='ocrx_word' id='word_1_451' title='bbox 1791 831 1822 856; x_wconf 77' lang='lat' dir='ltr'><strong>et</strong></span> 
     </span>
     <span class='ocr_line' id='line_1_77' title="bbox 1096 867 1822 912; baseline -0.001 -12"><span class='ocrx_word' id='word_1_452' title='bbox 1096 881 1216 900; x_wconf 80' lang='lat' dir='ltr'><strong>comma</strong></span> <span class='ocrx_word' id='word_1_453' title='bbox 1230 875 1302 910; x_wconf 86' lang='lat' dir='ltr'><strong>post</strong></span> <span class='ocrx_word' id='word_1_454' title='bbox 1313 869 1387 902; x_wconf 71' lang='grc' dir='ltr'>οὕτω</span> <span class='ocrx_word' id='word_1_455' title='bbox 1399 871 1504 912; x_wconf 84' lang='lat' dir='ltr'><strong>posui.</strong></span> <span class='ocrx_word' id='word_1_456' title='bbox 1516 870 1649 901; x_wconf 89' lang='lat' dir='ltr'><strong>subaudi</strong></span> <span class='ocrx_word' id='word_1_457' title='bbox 1659 870 1755 912; x_wconf 71' lang='grc' dir='ltr'>ὥσπερ</span> <span class='ocrx_word' id='word_1_458' title='bbox 1766 867 1822 908; x_wconf 76' lang='grc' dir='ltr'><strong>ἐγὼ</strong></span> 
     </span>
     <span class='ocr_line' id='line_1_78' title="bbox 1095 913 1350 945; baseline -0.008 0"><span class='ocrx_word' id='word_1_459' title='bbox 1095 915 1139 945; x_wconf 70' lang='grc' dir='ltr'><strong>νῦν</strong></span> <span class='ocrx_word' id='word_1_460' title='bbox 1153 913 1350 945; x_wconf 68' lang='grc' dir='ltr'>ἀποτέθνηκα.</span> 
     </span>
    </p>

    <p class='ocr_par' dir='ltr' id='par_1_17' title="bbox 1093 954 1823 1206">
     <span class='ocr_line' id='line_1_79' title="bbox 1140 954 1821 998; baseline -0.001 -11"><span class='ocrx_word' id='word_1_461' title='bbox 1140 957 1216 988; x_wconf 83' lang='lat' dir='ltr'><strong>ibid.</strong></span> <span class='ocrx_word' id='word_1_462' title='bbox 1233 961 1349 998; x_wconf 81' lang='lat' dir='ltr'><strong>p.319.</strong></span> <span class='ocrx_word' id='word_1_463' title='bbox 1368 968 1398 989; x_wconf 87' lang='lat' dir='ltr'><strong>v.</strong></span> <span class='ocrx_word' id='word_1_464' title='bbox 1414 961 1444 988; x_wconf 90' lang='lat'><strong>1.</strong></span> <span class='ocrx_word' id='word_1_465' title='bbox 1458 956 1508 987; x_wconf 76' lang='grc' dir='ltr'>καὶ</span> <span class='ocrx_word' id='word_1_466' title='bbox 1522 957 1688 998; x_wconf 70' lang='grc' dir='ltr'>παντελῶς]</span> <span class='ocrx_word' id='word_1_467' title='bbox 1713 954 1763 986; x_wconf 75' lang='grc' dir='ltr'>καὶ</span> <span class='ocrx_word' id='word_1_468' title='bbox 1778 967 1821 986; x_wconf 83' lang='lat' dir='ltr'><strong>ex</strong></span> 
     </span>
     <span class='ocr_line' id='line_1_80' title="bbox 1096 1000 1823 1041; baseline -0.003 -10"><span class='ocrx_word' id='word_1_469' title='bbox 1096 1001 1189 1031; x_wconf 79' lang='lat' dir='ltr'><strong>MSS.</strong></span> <span class='ocrx_word' id='word_1_470' title='bbox 1216 1002 1334 1041; x_wconf 88' lang='lat' dir='ltr'><strong>recepi,</strong></span> <span class='ocrx_word' id='word_1_471' title='bbox 1356 1006 1388 1032; x_wconf 82' lang='lat' dir='ltr'><strong>et</strong></span> <span class='ocrx_word' id='word_1_472' title='bbox 1409 1001 1500 1031; x_wconf 76' lang='lat' dir='ltr'><strong>aliter</strong></span> <span class='ocrx_word' id='word_1_473' title='bbox 1521 1000 1664 1031; x_wconf 83' lang='lat' dir='ltr'><strong>distinxi.</strong></span> <span class='ocrx_word' id='word_1_474' title='bbox 1687 1000 1823 1030; x_wconf 77' lang='lat' dir='ltr'><strong>cohaeret</strong></span> 
     </span>
     <span class='ocr_line' id='line_1_81' title="bbox 1096 1044 1823 1084; baseline -0.004 -9"><span class='ocrx_word' id='word_1_475' title='bbox 1096 1045 1177 1075; x_wconf 88' lang='lat' dir='ltr'><strong>enim</strong></span> <span class='ocrx_word' id='word_1_476' title='bbox 1193 1045 1352 1081; x_wconf 65' lang='grc' dir='ltr'>’παντελῶς</span> <span class='ocrx_word' id='word_1_477' title='bbox 1367 1055 1438 1075; x_wconf 86' lang='lat' dir='ltr'><strong>cum</strong></span> <span class='ocrx_word' id='word_1_478' title='bbox 1451 1045 1505 1075; x_wconf 78' lang='grc' dir='ltr'><strong>ἰιεί.</strong></span> <span class='ocrx_word' id='word_1_479' title='bbox 1523 1054 1633 1084; x_wconf 79' lang='lat' dir='ltr'><strong>semper</strong></span> <span class='ocrx_word' id='word_1_480' title='bbox 1646 1049 1675 1074; x_wconf 78' lang='lat' dir='ltr'><strong>et</strong></span> <span class='ocrx_word' id='word_1_481' title='bbox 1691 1044 1823 1073; x_wconf 77' lang='lat' dir='ltr'><strong>omnibus</strong></span> 
     </span>
     <span class='ocr_line' id='line_1_82' title="bbox 1095 1086 1823 1128; baseline -0.001 -10"><span class='ocrx_word' id='word_1_482' title='bbox 1095 1090 1128 1118; x_wconf 79' lang='lat' dir='ltr'><strong>in</strong></span> <span class='ocrx_word' id='word_1_483' title='bbox 1153 1089 1240 1119; x_wconf 74' lang='lat' dir='ltr'><strong>rebus</strong></span> <span class='ocrx_word' id='word_1_484' title='bbox 1267 1089 1310 1118; x_wconf 78' lang='grc' dir='ltr'><strong>ἀεὶ</strong></span> <span class='ocrx_word' id='word_1_485' title='bbox 1333 1088 1382 1119; x_wconf 72' lang='grc' dir='ltr'>καὶ</span> <span class='ocrx_word' id='word_1_486' title='bbox 1406 1088 1565 1123; x_wconf 65' lang='grc' dir='ltr'>παντελῶς</span> <span class='ocrx_word' id='word_1_487' title='bbox 1591 1088 1721 1118; x_wconf 76' lang='lat' dir='ltr'><strong>absolute</strong></span> <span class='ocrx_word' id='word_1_488' title='bbox 1735 1086 1823 1128; x_wconf 83' lang='lat' dir='ltr'><strong>fuci-</strong></span> 
     </span>
     <span class='ocr_line' id='line_1_83' title="bbox 1094 1129 1822 1173; baseline -0.003 -11"><span class='ocrx_word' id='word_1_489' title='bbox 1094 1137 1172 1163; x_wconf 79' lang='lat' dir='ltr'><strong>entes</strong></span> <span class='ocrx_word' id='word_1_490' title='bbox 1185 1143 1254 1163; x_wconf 85' lang='lat' dir='ltr'><strong>cam</strong></span> <span class='ocrx_word' id='word_1_491' title='bbox 1269 1132 1408 1169; x_wconf 79' lang='lat' dir='ltr'><strong>hostibus,</strong></span> <span class='ocrx_word' id='word_1_492' title='bbox 1424 1141 1580 1173; x_wconf 73' lang='lat' dir='ltr'><strong>eorumque</strong></span> <span class='ocrx_word' id='word_1_493' title='bbox 1592 1136 1692 1171; x_wconf 77' lang='lat' dir='ltr'><strong>partes</strong></span> <span class='ocrx_word' id='word_1_494' title='bbox 1712 1129 1822 1172; x_wconf 81' lang='lat' dir='ltr'><strong>praefe-</strong></span> 
     </span>
     <span class='ocr_line' id='line_1_84' title="bbox 1093 1182 1198 1206; baseline 0.01 -1"><span class='ocrx_word' id='word_1_495' title='bbox 1093 1182 1198 1206; x_wconf 81' lang='lat' dir='ltr'><strong>rentes.</strong></span> 
     </span>
    </p>

    <p class='ocr_par' dir='ltr' id='par_1_18' title="bbox 1092 1215 1821 1293">
     <span class='ocr_line' id='line_1_85' title="bbox 1136 1215 1821 1261; baseline -0.004 -12"><span class='ocrx_word' id='word_1_496' title='bbox 1136 1219 1216 1250; x_wconf 88' lang='lat' dir='ltr'><strong>ibid.</strong></span> <span class='ocrx_word' id='word_1_497' title='bbox 1231 1230 1262 1251; x_wconf 89' lang='lat' dir='ltr'><strong>v.</strong></span> <span class='ocrx_word' id='word_1_498' title='bbox 1280 1222 1311 1251; x_wconf 88' lang='lat'><strong>9.</strong></span> <span class='ocrx_word' id='word_1_499' title='bbox 1326 1217 1396 1261; x_wconf 82' lang='grc' dir='ltr'>παρ’</span> <span class='ocrx_word' id='word_1_500' title='bbox 1415 1218 1511 1260; x_wconf 81' lang='grc' dir='ltr'>αὐτῷ]</span> <span class='ocrx_word' id='word_1_501' title='bbox 1538 1217 1650 1250; x_wconf 88' lang='lat' dir='ltr'><strong>Malim</strong></span> <span class='ocrx_word' id='word_1_502' title='bbox 1672 1215 1748 1258; x_wconf 66' lang='lat' dir='ltr'><strong>&#39;wag&#39;</strong></span> <span class='ocrx_word' id='word_1_503' title='bbox 1770 1216 1821 1247; x_wconf 83' lang='grc' dir='ltr'>αὖ-</span> 
     </span>
     <span class='ocr_line' id='line_1_86' title="bbox 1092 1273 1155 1293; baseline 0.016 -2"><span class='ocrx_word' id='word_1_504' title='bbox 1092 1273 1155 1293; x_wconf 72' lang='grc' dir='ltr'><strong>του.</strong></span> 
     </span>
    </p>

    <p class='ocr_par' dir='ltr' id='par_1_19' title="bbox 1092 1303 1821 1382">
     <span class='ocr_line' id='line_1_87' title="bbox 1137 1303 1821 1346; baseline -0.001 -10"><span class='ocrx_word' id='word_1_505' title='bbox 1137 1305 1212 1336; x_wconf 85' lang='lat' dir='ltr'><strong>ibid.</strong></span> <span class='ocrx_word' id='word_1_506' title='bbox 1226 1315 1258 1344; x_wconf 80' lang='lat' dir='ltr'><strong>p.</strong></span> <span class='ocrx_word' id='word_1_507' title='bbox 1274 1307 1351 1336; x_wconf 70' lang='lat'><strong>320.</strong></span> <span class='ocrx_word' id='word_1_508' title='bbox 1366 1316 1398 1336; x_wconf 84' lang='lat' dir='ltr'><strong>v.</strong></span> <span class='ocrx_word' id='word_1_509' title='bbox 1414 1305 1466 1336; x_wconf 79' lang='lat'><strong>15.</strong></span> <span class='ocrx_word' id='word_1_510' title='bbox 1482 1304 1641 1346; x_wconf 71' lang='grc' dir='ltr'>ιἰφῆξηται]</span> <span class='ocrx_word' id='word_1_511' title='bbox 1666 1303 1765 1335; x_wconf 84' lang='lat' dir='ltr'><strong>Redit</strong></span> <span class='ocrx_word' id='word_1_512' title='bbox 1781 1304 1821 1336; x_wconf 89' lang='lat' dir='ltr'><strong>ad</strong></span> 
     </span>
     <span class='ocr_line' id='line_1_88' title="bbox 1092 1346 1582 1382; baseline -0.002 -3"><span class='ocrx_word' id='word_1_513' title='bbox 1092 1348 1105 1379; x_wconf 82' lang='grc' dir='ltr'>ὅ</span> <span class='ocrx_word' id='word_1_514' title='bbox 1121 1346 1189 1382; x_wconf 78' lang='grc' dir='ltr'>Θεός.</span> <span class='ocrx_word' id='word_1_515' title='bbox 1205 1348 1277 1379; x_wconf 82' lang='lat' dir='ltr'><strong>(leus</strong></span> <span class='ocrx_word' id='word_1_516' title='bbox 1291 1358 1400 1378; x_wconf 76' lang='lat' dir='ltr'><strong>rursus</strong></span> <span class='ocrx_word' id='word_1_517' title='bbox 1414 1349 1582 1379; x_wconf 78' lang='lat' dir='ltr'><strong>abstulerit.</strong></span> 
     </span>
    </p>

    <p class='ocr_par' dir='ltr' id='par_1_20' title="bbox 1092 1390 1822 1596">
     <span class='ocr_line' id='line_1_89' title="bbox 1136 1390 1820 1433; baseline 0.001 -12"><span class='ocrx_word' id='word_1_518' title='bbox 1136 1391 1214 1421; x_wconf 88' lang='lat' dir='ltr'><strong>ibid.</strong></span> <span class='ocrx_word' id='word_1_519' title='bbox 1231 1403 1264 1431; x_wconf 88' lang='lat' dir='ltr'><strong>p.</strong></span> <span class='ocrx_word' id='word_1_520' title='bbox 1280 1393 1357 1423; x_wconf 67' lang='lat'><strong>3⁶21.</strong></span> <span class='ocrx_word' id='word_1_521' title='bbox 1374 1403 1403 1422; x_wconf 85' lang='lat' dir='ltr'><strong>v.</strong></span> <span class='ocrx_word' id='word_1_522' title='bbox 1422 1394 1452 1422; x_wconf 88' lang='lat'><strong>6.</strong></span> <span class='ocrx_word' id='word_1_523' title='bbox 1475 1390 1651 1433; x_wconf 77' lang='grc' dir='ltr'>πεισαίμην]</span> <span class='ocrx_word' id='word_1_524' title='bbox 1676 1390 1762 1421; x_wconf 83' lang='lat' dir='ltr'><strong>Dedi</strong></span> <span class='ocrx_word' id='word_1_525' title='bbox 1781 1392 1820 1422; x_wconf 88' lang='lat' dir='ltr'><strong>de</strong></span> 
     </span>
     <span class='ocr_line' id='line_1_90' title="bbox 1093 1433 1820 1475; baseline 0.001 -12"><span class='ocrx_word' id='word_1_526' title='bbox 1093 1444 1162 1464; x_wconf 89' lang='lat' dir='ltr'><strong>meo</strong></span> <span class='ocrx_word' id='word_1_527' title='bbox 1178 1433 1317 1475; x_wconf 77' lang='grc' dir='ltr'><strong>πείσαιμ’</strong></span> <span class='ocrx_word' id='word_1_528' title='bbox 1330 1434 1372 1465; x_wconf 71' lang='grc' dir='ltr'><strong>ἄν.</strong></span> <span class='ocrx_word' id='word_1_529' title='bbox 1389 1435 1492 1465; x_wconf 84' lang='lat' dir='ltr'><strong>iterari</strong></span> <span class='ocrx_word' id='word_1_530' title='bbox 1510 1435 1543 1465; x_wconf 73' lang='grc' dir='ltr'><strong>ἂν</strong></span> <span class='ocrx_word' id='word_1_531' title='bbox 1565 1435 1621 1471; x_wconf 86' lang='lat' dir='ltr'><strong>sic,</strong></span> <span class='ocrx_word' id='word_1_532' title='bbox 1645 1439 1677 1465; x_wconf 90' lang='lat' dir='ltr'><strong>ut</strong></span> <span class='ocrx_word' id='word_1_533' title='bbox 1689 1435 1820 1465; x_wconf 82' lang='lat' dir='ltr'><strong>alterum</strong></span> 
     </span>
     <span class='ocr_line' id='line_1_91' title="bbox 1092 1478 1822 1518; baseline 0.001 -11"><span class='ocrx_word' id='word_1_534' title='bbox 1092 1478 1259 1514; x_wconf 80' lang='lat' dir='ltr'><strong>redundet,</strong></span> <span class='ocrx_word' id='word_1_535' title='bbox 1274 1483 1381 1508; x_wconf 85' lang='lat' dir='ltr'><strong>notum</strong></span> <span class='ocrx_word' id='word_1_536' title='bbox 1392 1482 1451 1508; x_wconf 72' lang='lat' dir='ltr'><strong>est.</strong></span> <span class='ocrx_word' id='word_1_537' title='bbox 1463 1482 1602 1518; x_wconf 83' lang='lat' dir='ltr'><strong>poteram</strong></span> <span class='ocrx_word' id='word_1_538' title='bbox 1615 1488 1738 1518; x_wconf 85' lang='lat' dir='ltr'><strong>quoque</strong></span> <span class='ocrx_word' id='word_1_539' title='bbox 1749 1479 1822 1508; x_wconf 72' lang='grc' dir='ltr'><strong>ωεῒ-</strong></span> 
     </span>
     <span class='ocr_line' id='line_1_92' title="bbox 1093 1521 1821 1562; baseline 0.001 -11"><span class='ocrx_word' id='word_1_540' title='bbox 1093 1532 1145 1551; x_wconf 78' lang='grc' dir='ltr'><strong>σαι</strong></span> <span class='ocrx_word' id='word_1_541' title='bbox 1171 1521 1307 1562; x_wconf 76' lang='grc' dir='ltr'>δυναίμην</span> <span class='ocrx_word' id='word_1_542' title='bbox 1332 1522 1419 1559; x_wconf 86' lang='lat' dir='ltr'><strong>dare,</strong></span> <span class='ocrx_word' id='word_1_543' title='bbox 1445 1526 1477 1552; x_wconf 85' lang='lat' dir='ltr'><strong>et</strong></span> <span class='ocrx_word' id='word_1_544' title='bbox 1499 1521 1693 1562; x_wconf 80' lang='lat' dir='ltr'><strong>ambigebam</strong></span> <span class='ocrx_word' id='word_1_545' title='bbox 1717 1526 1821 1552; x_wconf 86' lang='lat' dir='ltr'><strong>utrum</strong></span> 
     </span>
     <span class='ocr_line' id='line_1_93' title="bbox 1093 1565 1212 1596; baseline 0.017 -2"><span class='ocrx_word' id='word_1_546' title='bbox 1093 1565 1212 1596; x_wconf 89' lang='lat' dir='ltr'><strong>darem.</strong></span> 
     </span>
    </p>

    <p class='ocr_par' dir='ltr' id='par_1_21' title="bbox 1093 1607 1823 1988">
     <span class='ocr_line' id='line_1_94' title="bbox 1138 1607 1818 1650; baseline 0 -12"><span class='ocrx_word' id='word_1_547' title='bbox 1138 1608 1216 1639; x_wconf 89' lang='lat' dir='ltr'><strong>ibid.</strong></span> <span class='ocrx_word' id='word_1_548' title='bbox 1231 1608 1267 1645; x_wconf 70' lang='grc' dir='ltr'><strong>ὥς</strong></span> <span class='ocrx_word' id='word_1_549' title='bbox 1280 1620 1332 1650; x_wconf 86' lang='grc' dir='ltr'><strong>μοι</strong></span> <span class='ocrx_word' id='word_1_550' title='bbox 1352 1609 1395 1649; x_wconf 60' lang='lat' dir='ltr'><strong>(eii</strong></span> <span class='ocrx_word' id='word_1_551' title='bbox 1414 1607 1511 1650; x_wconf 74' lang='grc' dir='ltr'>μόνον]</span> <span class='ocrx_word' id='word_1_552' title='bbox 1536 1607 1620 1638; x_wconf 86' lang='lat' dir='ltr'><strong>Dedi</strong></span> <span class='ocrx_word' id='word_1_553' title='bbox 1642 1608 1679 1642; x_wconf 80' lang='grc' dir='ltr'><strong>ὡς</strong></span> <span class='ocrx_word' id='word_1_554' title='bbox 1693 1608 1737 1648; x_wconf 75' lang='grc' dir='ltr'><strong>μή</strong></span> <span class='ocrx_word' id='word_1_555' title='bbox 1753 1620 1818 1648; x_wconf 80' lang='grc' dir='ltr'>μοι,</span> 
     </span>
     <span class='ocr_line' id='line_1_95' title="bbox 1093 1651 1823 1692; baseline 0.003 -12"><span class='ocrx_word' id='word_1_556' title='bbox 1093 1652 1138 1692; x_wconf 70' lang='grc' dir='ltr'><strong>μὴ</strong></span> <span class='ocrx_word' id='word_1_557' title='bbox 1154 1653 1245 1692; x_wconf 72' lang='grc' dir='ltr'>μόνον.</span> <span class='ocrx_word' id='word_1_558' title='bbox 1260 1659 1296 1683; x_wconf 63' lang='grc' dir='ltr'><strong>ἰιι</strong></span> <span class='ocrx_word' id='word_1_559' title='bbox 1318 1662 1353 1682; x_wconf 79' lang='lat' dir='ltr'><strong>ne</strong></span> <span class='ocrx_word' id='word_1_560' title='bbox 1373 1651 1448 1682; x_wconf 72' lang='lat' dir='ltr'><strong>mihi</strong></span> <span class='ocrx_word' id='word_1_561' title='bbox 1462 1651 1630 1682; x_wconf 77' lang='lat' dir='ltr'><strong>adolescant</strong></span> <span class='ocrx_word' id='word_1_562' title='bbox 1653 1654 1709 1681; x_wconf 79' lang='lat' dir='ltr'><strong>mei</strong></span> <span class='ocrx_word' id='word_1_563' title='bbox 1725 1652 1823 1689; x_wconf 77' lang='lat' dir='ltr'><strong>liberi,</strong></span> 
     </span>
     <span class='ocr_line' id='line_1_96' title="bbox 1094 1696 1820 1732; baseline 0 -6"><span class='ocrx_word' id='word_1_564' title='bbox 1094 1707 1154 1726; x_wconf 82' lang='lat' dir='ltr'><strong>non</strong></span> <span class='ocrx_word' id='word_1_565' title='bbox 1169 1696 1262 1727; x_wconf 83' lang='lat' dir='ltr'><strong>solum</strong></span> <span class='ocrx_word' id='word_1_566' title='bbox 1279 1702 1314 1727; x_wconf 83' lang='lat' dir='ltr'><strong>ut</strong></span> <span class='ocrx_word' id='word_1_567' title='bbox 1336 1696 1410 1732; x_wconf 77' lang='lat' dir='ltr'><strong>orbi,</strong></span> <span class='ocrx_word' id='word_1_568' title='bbox 1426 1696 1474 1726; x_wconf 78' lang='lat' dir='ltr'><strong>secl</strong></span> <span class='ocrx_word' id='word_1_569' title='bbox 1489 1696 1578 1725; x_wconf 78' lang='lat' dir='ltr'><strong>ctiam</strong></span> <span class='ocrx_word' id='word_1_570' title='bbox 1593 1701 1629 1726; x_wconf 81' lang='lat' dir='ltr'><strong>ut</strong></span> <span class='ocrx_word' id='word_1_571' title='bbox 1644 1696 1706 1726; x_wconf 80' lang='lat' dir='ltr'><strong>orbi</strong></span> <span class='ocrx_word' id='word_1_572' title='bbox 1728 1696 1820 1726; x_wconf 73' lang='lat' dir='ltr'><strong>simul</strong></span> 
     </span>
     <span class='ocr_line' id='line_1_97' title="bbox 1093 1738 1819 1780; baseline 0 -11"><span class='ocrx_word' id='word_1_573' title='bbox 1093 1745 1181 1780; x_wconf 78' lang='lat' dir='ltr'><strong>atque</strong></span> <span class='ocrx_word' id='word_1_574' title='bbox 1200 1740 1321 1770; x_wconf 75' lang='lat' dir='ltr'><strong>exsules.</strong></span> <span class='ocrx_word' id='word_1_575' title='bbox 1345 1738 1571 1775; x_wconf 85' lang='lat' dir='ltr'><strong>Lamentantis‚</strong></span> <span class='ocrx_word' id='word_1_576' title='bbox 1583 1744 1615 1769; x_wconf 84' lang='lat' dir='ltr'><strong>et</strong></span> <span class='ocrx_word' id='word_1_577' title='bbox 1630 1739 1819 1779; x_wconf 82' lang='lat' dir='ltr'><strong>quiritantis‚</strong></span> 
     </span>
     <span class='ocr_line' id='line_1_98' title="bbox 1095 1782 1821 1823; baseline -0.001 -10"><span class='ocrx_word' id='word_1_578' title='bbox 1095 1788 1125 1813; x_wconf 86' lang='lat' dir='ltr'><strong>et</strong></span> <span class='ocrx_word' id='word_1_579' title='bbox 1139 1783 1313 1814; x_wconf 86' lang='lat' dir='ltr'><strong>dubitantis</strong></span> <span class='ocrx_word' id='word_1_580' title='bbox 1327 1789 1386 1814; x_wconf 86' lang='lat' dir='ltr'><strong>est.</strong></span> <span class='ocrx_word' id='word_1_581' title='bbox 1410 1784 1479 1822; x_wconf 85' lang='lat' dir='ltr'><strong>Ego</strong></span> <span class='ocrx_word' id='word_1_582' title='bbox 1496 1792 1580 1818; x_wconf 87' lang='lat' dir='ltr'><strong>vero,</strong></span> <span class='ocrx_word' id='word_1_583' title='bbox 1591 1782 1700 1823; x_wconf 90' lang='lat' dir='ltr'><strong>procul</strong></span> <span class='ocrx_word' id='word_1_584' title='bbox 1712 1783 1821 1819; x_wconf 91' lang='lat' dir='ltr'><strong>dubio,</strong></span> 
     </span>
     <span class='ocr_line' id='line_1_99' title="bbox 1095 1826 1820 1866; baseline 0 -10"><span class='ocrx_word' id='word_1_585' title='bbox 1095 1831 1130 1856; x_wconf 86' lang='lat' dir='ltr'><strong>ut</strong></span> <span class='ocrx_word' id='word_1_586' title='bbox 1141 1827 1278 1862; x_wconf 79' lang='lat' dir='ltr'><strong>videtur,</strong></span> <span class='ocrx_word' id='word_1_587' title='bbox 1291 1837 1348 1856; x_wconf 86' lang='lat' dir='ltr'><strong>vos</strong></span> <span class='ocrx_word' id='word_1_588' title='bbox 1360 1837 1418 1857; x_wconf 89' lang='lat' dir='ltr'><strong>non</strong></span> <span class='ocrx_word' id='word_1_589' title='bbox 1434 1832 1544 1866; x_wconf 83' lang='lat' dir='ltr'><strong>potero</strong></span> <span class='ocrx_word' id='word_1_590' title='bbox 1559 1826 1705 1865; x_wconf 89' lang='lat' dir='ltr'><strong>precibus</strong></span> <span class='ocrx_word' id='word_1_591' title='bbox 1721 1828 1820 1857; x_wconf 90' lang='lat' dir='ltr'><strong>addu-</strong></span> 
     </span>
     <span class='ocr_line' id='line_1_100' title="bbox 1094 1870 1816 1907; baseline 0 -7"><span class='ocrx_word' id='word_1_592' title='bbox 1094 1880 1178 1907; x_wconf 88' lang='lat' dir='ltr'><strong>cere,</strong></span> <span class='ocrx_word' id='word_1_593' title='bbox 1204 1875 1237 1900; x_wconf 86' lang='lat' dir='ltr'><strong>ut</strong></span> <span class='ocrx_word' id='word_1_594' title='bbox 1259 1870 1374 1900; x_wconf 87' lang='lat' dir='ltr'><strong>liberos</strong></span> <span class='ocrx_word' id='word_1_595' title='bbox 1398 1881 1483 1900; x_wconf 88' lang='lat' dir='ltr'><strong>meos</strong></span> <span class='ocrx_word' id='word_1_596' title='bbox 1503 1871 1620 1900; x_wconf 84' lang='lat' dir='ltr'><strong>vetetis</strong></span> <span class='ocrx_word' id='word_1_597' title='bbox 1641 1880 1700 1900; x_wconf 90' lang='lat' dir='ltr'><strong>non</strong></span> <span class='ocrx_word' id='word_1_598' title='bbox 1717 1871 1816 1900; x_wconf 87' lang='lat' dir='ltr'><strong>solum</strong></span> 
     </span>
     <span class='ocr_line' id='line_1_101' title="bbox 1093 1914 1818 1954; baseline 0.001 -11"><span class='ocrx_word' id='word_1_599' title='bbox 1093 1914 1197 1950; x_wconf 91' lang='lat' dir='ltr'><strong>orbos,</strong></span> <span class='ocrx_word' id='word_1_600' title='bbox 1214 1914 1271 1944; x_wconf 83' lang='lat' dir='ltr'><strong>sed</strong></span> <span class='ocrx_word' id='word_1_601' title='bbox 1287 1914 1379 1943; x_wconf 89' lang='lat' dir='ltr'><strong>etiam</strong></span> <span class='ocrx_word' id='word_1_602' title='bbox 1396 1914 1491 1944; x_wconf 85' lang='lat' dir='ltr'><strong>orbos</strong></span> <span class='ocrx_word' id='word_1_603' title='bbox 1513 1914 1640 1944; x_wconf 85' lang='lat' dir='ltr'><strong>eosdem</strong></span> <span class='ocrx_word' id='word_1_604' title='bbox 1653 1918 1746 1954; x_wconf 82' lang='lat' dir='ltr'><strong>atque</strong></span> <span class='ocrx_word' id='word_1_605' title='bbox 1763 1924 1818 1944; x_wconf 84' lang='lat' dir='ltr'><strong>ex-</strong></span> 
     </span>
     <span class='ocr_line' id='line_1_102' title="bbox 1093 1957 1274 1988; baseline 0.006 -1"><span class='ocrx_word' id='word_1_606' title='bbox 1093 1957 1176 1987; x_wconf 77' lang='lat' dir='ltr'><strong>sules</strong></span> <span class='ocrx_word' id='word_1_607' title='bbox 1193 1967 1274 1988; x_wconf 87' lang='lat' dir='ltr'><strong>esse.</strong></span> 
     </span>
    </p>

    <p class='ocr_par' dir='ltr' id='par_1_22' title="bbox 1091 1999 1819 2431">
     <span class='ocr_line' id='line_1_103' title="bbox 1135 1999 1819 2042; baseline -0.001 -12"><span class='ocrx_word' id='word_1_608' title='bbox 1135 2000 1212 2030; x_wconf 85' lang='lat' dir='ltr'><strong>ibid.</strong></span> <span class='ocrx_word' id='word_1_609' title='bbox 1242 2011 1273 2030; x_wconf 83' lang='lat' dir='ltr'><strong>v.</strong></span> <span class='ocrx_word' id='word_1_610' title='bbox 1300 2003 1352 2030; x_wconf 87' lang='lat'><strong>10.</strong></span> <span class='ocrx_word' id='word_1_611' title='bbox 1382 1999 1624 2042; x_wconf 73' lang='grc' dir='ltr'>τελευτῆσαντες]</span> <span class='ocrx_word' id='word_1_612' title='bbox 1658 2000 1819 2030; x_wconf 90' lang='lat' dir='ltr'><strong>Scholium</strong></span> 
     </span>
     <span class='ocr_line' id='line_1_104' title="bbox 1092 2041 1819 2085; baseline 0 -12"><span class='ocrx_word' id='word_1_613' title='bbox 1092 2041 1319 2085; x_wconf 71' lang='grc' dir='ltr'>ἐωιῤῥηματικόν</span> <span class='ocrx_word' id='word_1_614' title='bbox 1334 2042 1367 2073; x_wconf 72' lang='grc' dir='ltr'><strong>τὸ</strong></span> <span class='ocrx_word' id='word_1_615' title='bbox 1382 2044 1608 2077; x_wconf 74' lang='grc' dir='ltr'>τελευτήσαντες</span> <span class='ocrx_word' id='word_1_616' title='bbox 1625 2043 1688 2074; x_wconf 77' lang='grc' dir='ltr'>ἀντὶ</span> <span class='ocrx_word' id='word_1_617' title='bbox 1704 2045 1753 2073; x_wconf 72' lang='grc' dir='ltr'><strong>τοῦ</strong></span> <span class='ocrx_word' id='word_1_618' title='bbox 1770 2054 1819 2073; x_wconf 75' lang='grc' dir='ltr'><strong>τε-</strong></span> 
     </span>
     <span class='ocr_line' id='line_1_105' title="bbox 1092 2087 1818 2126; baseline 0 -10"><span class='ocrx_word' id='word_1_619' title='bbox 1092 2089 1232 2118; x_wconf 80' lang='grc' dir='ltr'>λευταῖον.</span> <span class='ocrx_word' id='word_1_620' title='bbox 1255 2089 1366 2126; x_wconf 79' lang='lat' dir='ltr'><strong>Nngae.</strong></span> <span class='ocrx_word' id='word_1_621' title='bbox 1391 2087 1477 2117; x_wconf 88' lang='lat' dir='ltr'><strong>Dedi</strong></span> <span class='ocrx_word' id='word_1_622' title='bbox 1490 2087 1529 2117; x_wconf 90' lang='lat' dir='ltr'><strong>de</strong></span> <span class='ocrx_word' id='word_1_623' title='bbox 1545 2098 1615 2117; x_wconf 88' lang='lat' dir='ltr'><strong>meo</strong></span> <span class='ocrx_word' id='word_1_624' title='bbox 1626 2087 1818 2118; x_wconf 76' lang='grc' dir='ltr'>τελευτήσαν-</span> 
     </span>
     <span class='ocr_line' id='line_1_106' title="bbox 1091 2131 1818 2171; baseline -0.001 -10"><span class='ocrx_word' id='word_1_625' title='bbox 1091 2142 1150 2167; x_wconf 79' lang='grc' dir='ltr'><strong>τος,</strong></span> <span class='ocrx_word' id='word_1_626' title='bbox 1162 2131 1243 2171; x_wconf 89' lang='lat' dir='ltr'><strong>quod</strong></span> <span class='ocrx_word' id='word_1_627' title='bbox 1261 2131 1397 2161; x_wconf 84' lang='lat' dir='ltr'><strong>cohaeret</strong></span> <span class='ocrx_word' id='word_1_628' title='bbox 1410 2141 1479 2161; x_wconf 90' lang='lat' dir='ltr'><strong>cum</strong></span> <span class='ocrx_word' id='word_1_629' title='bbox 1491 2131 1561 2171; x_wconf 78' lang='grc' dir='ltr'><strong>μοῢ.</strong></span> <span class='ocrx_word' id='word_1_630' title='bbox 1578 2137 1626 2161; x_wconf 85' lang='lat' dir='ltr'><strong>est</strong></span> <span class='ocrx_word' id='word_1_631' title='bbox 1637 2131 1736 2161; x_wconf 89' lang='lat' dir='ltr'><strong>oratio</strong></span> <span class='ocrx_word' id='word_1_632' title='bbox 1746 2131 1818 2160; x_wconf 79' lang='lat' dir='ltr'><strong>sub-</strong></span> 
     </span>
     <span class='ocr_line' id='line_1_107' title="bbox 1092 2174 1817 2215; baseline 0 -11"><span class='ocrx_word' id='word_1_633' title='bbox 1092 2175 1245 2205; x_wconf 85' lang='lat' dir='ltr'><strong>sannantis</strong></span> <span class='ocrx_word' id='word_1_634' title='bbox 1268 2179 1299 2205; x_wconf 89' lang='lat' dir='ltr'><strong>et</strong></span> <span class='ocrx_word' id='word_1_635' title='bbox 1321 2174 1545 2215; x_wconf 84' lang='lat' dir='ltr'><strong>exprobrantis,</strong></span> <span class='ocrx_word' id='word_1_636' title='bbox 1569 2174 1631 2211; x_wconf 83' lang='lat' dir='ltr'><strong>vel,</strong></span> <span class='ocrx_word' id='word_1_637' title='bbox 1657 2174 1683 2204; x_wconf 91' lang='lat' dir='ltr'><strong>si</strong></span> <span class='ocrx_word' id='word_1_638' title='bbox 1704 2174 1817 2211; x_wconf 87' lang='lat' dir='ltr'><strong>mavis,</strong></span> 
     </span>
     <span class='ocr_line' id='line_1_108' title="bbox 1091 2217 1816 2258; baseline -0.001 -10"><span class='ocrx_word' id='word_1_639' title='bbox 1091 2218 1265 2258; x_wconf 85' lang='lat' dir='ltr'><strong>quiritantis</strong></span> <span class='ocrx_word' id='word_1_640' title='bbox 1278 2222 1310 2248; x_wconf 87' lang='lat' dir='ltr'><strong>et</strong></span> <span class='ocrx_word' id='word_1_641' title='bbox 1318 2217 1618 2248; x_wconf 82' lang='lat' dir='ltr'><strong>commiserationem</strong></span> <span class='ocrx_word' id='word_1_642' title='bbox 1627 2217 1748 2248; x_wconf 81' lang='lat' dir='ltr'><strong>cientis.</strong></span> <span class='ocrx_word' id='word_1_643' title='bbox 1760 2218 1816 2248; x_wconf 90' lang='lat' dir='ltr'><strong>de-</strong></span> 
     </span>
     <span class='ocr_line' id='line_1_109' title="bbox 1092 2262 1815 2301; baseline -0.001 -9"><span class='ocrx_word' id='word_1_644' title='bbox 1092 2262 1164 2292; x_wconf 85' lang='lat' dir='ltr'><strong>inde</strong></span> <span class='ocrx_word' id='word_1_645' title='bbox 1185 2270 1287 2292; x_wconf 83' lang='lat' dir='ltr'><strong>autem</strong></span> <span class='ocrx_word' id='word_1_646' title='bbox 1311 2272 1380 2292; x_wconf 90' lang='lat' dir='ltr'><strong>cum</strong></span> <span class='ocrx_word' id='word_1_647' title='bbox 1404 2272 1462 2301; x_wconf 88' lang='lat' dir='ltr'><strong>ego</strong></span> <span class='ocrx_word' id='word_1_648' title='bbox 1483 2266 1621 2292; x_wconf 87' lang='lat' dir='ltr'><strong>mortuus</strong></span> <span class='ocrx_word' id='word_1_649' title='bbox 1634 2262 1734 2297; x_wconf 82' lang='lat' dir='ltr'><strong>fuero,</strong></span> <span class='ocrx_word' id='word_1_650' title='bbox 1749 2265 1815 2291; x_wconf 85' lang='lat' dir='ltr'><strong>tum</strong></span> 
     </span>
     <span class='ocr_line' id='line_1_110' title="bbox 1092 2305 1816 2346; baseline -0.001 -11"><span class='ocrx_word' id='word_1_651' title='bbox 1092 2316 1203 2346; x_wconf 82' lang='lat' dir='ltr'><strong>nempe</strong></span> <span class='ocrx_word' id='word_1_652' title='bbox 1219 2306 1354 2345; x_wconf 87' lang='lat' dir='ltr'><strong>denique</strong></span> <span class='ocrx_word' id='word_1_653' title='bbox 1377 2306 1438 2336; x_wconf 86' lang='lat' dir='ltr'><strong>mei</strong></span> <span class='ocrx_word' id='word_1_654' title='bbox 1453 2305 1545 2335; x_wconf 85' lang='lat' dir='ltr'><strong>vobis</strong></span> <span class='ocrx_word' id='word_1_655' title='bbox 1560 2305 1590 2334; x_wconf 90' lang='lat' dir='ltr'><strong>in</strong></span> <span class='ocrx_word' id='word_1_656' title='bbox 1607 2309 1742 2334; x_wconf 84' lang='lat' dir='ltr'><strong>mentem</strong></span> <span class='ocrx_word' id='word_1_657' title='bbox 1760 2315 1816 2335; x_wconf 89' lang='lat' dir='ltr'><strong>ve-</strong></span> 
     </span>
     <span class='ocr_line' id='line_1_111' title="bbox 1091 2348 1815 2389; baseline -0.001 -10"><span class='ocrx_word' id='word_1_658' title='bbox 1091 2349 1166 2385; x_wconf 87' lang='lat' dir='ltr'><strong>niet,</strong></span> <span class='ocrx_word' id='word_1_659' title='bbox 1183 2355 1214 2380; x_wconf 88' lang='lat' dir='ltr'><strong>et</strong></span> <span class='ocrx_word' id='word_1_660' title='bbox 1229 2349 1377 2380; x_wconf 81' lang='lat' dir='ltr'><strong>deseretis</strong></span> <span class='ocrx_word' id='word_1_661' title='bbox 1395 2349 1541 2389; x_wconf 82' lang='lat' dir='ltr'><strong>precibus</strong></span> <span class='ocrx_word' id='word_1_662' title='bbox 1556 2348 1646 2384; x_wconf 85' lang='lat' dir='ltr'><strong>meis,</strong></span> <span class='ocrx_word' id='word_1_663' title='bbox 1658 2348 1712 2388; x_wconf 90' lang='lat' dir='ltr'><strong>qui</strong></span> <span class='ocrx_word' id='word_1_664' title='bbox 1734 2358 1815 2378; x_wconf 84' lang='lat' dir='ltr'><strong>nuuc</strong></span> 
     </span>
     <span class='ocr_line' id='line_1_112' title="bbox 1091 2391 1815 2431; baseline -0.003 -8"><span class='ocrx_word' id='word_1_665' title='bbox 1091 2394 1129 2423; x_wconf 82' lang='lat' dir='ltr'><strong>ad</strong></span> <span class='ocrx_word' id='word_1_666' title='bbox 1147 2403 1199 2423; x_wconf 85' lang='lat' dir='ltr'><strong>eas</strong></span> <span class='ocrx_word' id='word_1_667' title='bbox 1214 2393 1254 2423; x_wconf 91' lang='lat' dir='ltr'><strong>nil</strong></span> <span class='ocrx_word' id='word_1_668' title='bbox 1269 2392 1439 2429; x_wconf 83' lang='lat' dir='ltr'><strong>attenditis,</strong></span> <span class='ocrx_word' id='word_1_669' title='bbox 1453 2402 1502 2422; x_wconf 91' lang='lat' dir='ltr'><strong>me</strong></span> <span class='ocrx_word' id='word_1_670' title='bbox 1514 2392 1614 2422; x_wconf 83' lang='lat' dir='ltr'><strong>adhuc</strong></span> <span class='ocrx_word' id='word_1_671' title='bbox 1627 2391 1815 2431; x_wconf 82' lang='lat' dir='ltr'><strong>superstite!</strong></span> 
     </span>
    </p>

    <p class='ocr_par' dir='ltr' id='par_1_23' title="bbox 1090 2434 1813 2562">
     <span class='ocr_line' id='line_1_113' title="bbox 1135 2434 1813 2475; baseline -0.001 -9"><span class='ocrx_word' id='word_1_672' title='bbox 1135 2436 1211 2467; x_wconf 88' lang='lat' dir='ltr'><strong>ibid.</strong></span> <span class='ocrx_word' id='word_1_673' title='bbox 1240 2446 1272 2466; x_wconf 83' lang='lat' dir='ltr'><strong>v.</strong></span> <span class='ocrx_word' id='word_1_674' title='bbox 1295 2439 1347 2467; x_wconf 85' lang='lat'><strong>16.</strong></span> <span class='ocrx_word' id='word_1_675' title='bbox 1372 2437 1496 2472; x_wconf 79' lang='grc' dir='ltr'>πάσαις,</span> <span class='ocrx_word' id='word_1_676' title='bbox 1519 2437 1534 2467; x_wconf 77' lang='grc' dir='ltr'>ἦ</span> <span class='ocrx_word' id='word_1_677' title='bbox 1557 2434 1656 2475; x_wconf 74' lang='grc' dir='ltr'>πόλις]</span> <span class='ocrx_word' id='word_1_678' title='bbox 1682 2434 1813 2465; x_wconf 84' lang='lat' dir='ltr'><strong>Praetuli</strong></span> 
     </span>
     <span class='ocr_line' id='line_1_114' title="bbox 1092 2479 1813 2520; baseline -0.001 -11"><span class='ocrx_word' id='word_1_679' title='bbox 1092 2481 1146 2510; x_wconf 87' lang='lat' dir='ltr'><strong>sed</strong></span> <span class='ocrx_word' id='word_1_680' title='bbox 1165 2480 1325 2520; x_wconf 84' lang='lat' dir='ltr'><strong>suspicans</strong></span> <span class='ocrx_word' id='word_1_681' title='bbox 1340 2490 1409 2516; x_wconf 90' lang='lat' dir='ltr'><strong>una,</strong></span> <span class='ocrx_word' id='word_1_682' title='bbox 1419 2484 1492 2519; x_wconf 80' lang='lat' dir='ltr'><strong>post</strong></span> <span class='ocrx_word' id='word_1_683' title='bbox 1508 2479 1619 2514; x_wconf 78' lang='grc' dir='ltr'>πάσαις</span> <span class='ocrx_word' id='word_1_684' title='bbox 1630 2479 1739 2509; x_wconf 85' lang='lat' dir='ltr'><strong>deesse</strong></span> <span class='ocrx_word' id='word_1_685' title='bbox 1751 2479 1813 2519; x_wconf 71' lang='lat' dir='ltr'><strong>aige-</strong></span> 
     </span>
     <span class='ocr_line' id='line_1_115' title="bbox 1090 2523 1455 2562; baseline 0 -10"><span class='ocrx_word' id='word_1_686' title='bbox 1090 2525 1169 2560; x_wconf 73' lang='grc' dir='ltr'><strong>ταῖς,</strong></span> <span class='ocrx_word' id='word_1_687' title='bbox 1185 2529 1237 2554; x_wconf 87' lang='lat' dir='ltr'><strong>aut</strong></span> <span class='ocrx_word' id='word_1_688' title='bbox 1252 2523 1354 2554; x_wconf 89' lang='lat' dir='ltr'><strong>simile</strong></span> <span class='ocrx_word' id='word_1_689' title='bbox 1369 2523 1455 2562; x_wconf 90' lang='lat' dir='ltr'><strong>quid.</strong></span> 
     </span>
    </p>

    <p class='ocr_par' dir='ltr' id='par_1_24' title="bbox 1088 2564 1815 2771">
     <span class='ocr_line' id='line_1_116' title="bbox 1133 2564 1815 2606; baseline -0.003 -10"><span class='ocrx_word' id='word_1_690' title='bbox 1133 2567 1210 2598; x_wconf 89' lang='lat' dir='ltr'><strong>ibid.</strong></span> <span class='ocrx_word' id='word_1_691' title='bbox 1234 2578 1265 2598; x_wconf 88' lang='lat' dir='ltr'><strong>v.</strong></span> <span class='ocrx_word' id='word_1_692' title='bbox 1288 2567 1344 2597; x_wconf 88' lang='lat' dir='ltr'><strong>ult.</strong></span> <span class='ocrx_word' id='word_1_693' title='bbox 1367 2564 1508 2606; x_wconf 78' lang='grc' dir='ltr'>εὐπειθὴς]</span> <span class='ocrx_word' id='word_1_694' title='bbox 1539 2565 1627 2595; x_wconf 87' lang='lat' dir='ltr'><strong>Bene</strong></span> <span class='ocrx_word' id='word_1_695' title='bbox 1646 2564 1748 2594; x_wconf 87' lang='lat' dir='ltr'><strong>habet.</strong></span> <span class='ocrx_word' id='word_1_696' title='bbox 1770 2565 1815 2595; x_wconf 79' lang='grc' dir='ltr'><strong>εὖ·</strong></span> 
     </span>
     <span class='ocr_line' id='line_1_117' title="bbox 1090 2607 1813 2648; baseline -0.006 -7"><span class='ocrx_word' id='word_1_697' title='bbox 1090 2608 1186 2645; x_wconf 80' lang='grc' dir='ltr'>πειΘῆς</span> <span class='ocrx_word' id='word_1_698' title='bbox 1207 2621 1266 2641; x_wconf 89' lang='lat' dir='ltr'><strong>non</strong></span> <span class='ocrx_word' id='word_1_699' title='bbox 1287 2610 1387 2641; x_wconf 90' lang='lat' dir='ltr'><strong>solum</strong></span> <span class='ocrx_word' id='word_1_700' title='bbox 1409 2615 1469 2646; x_wconf 82' lang='lat' dir='ltr'><strong>est,</strong></span> <span class='ocrx_word' id='word_1_701' title='bbox 1491 2609 1542 2648; x_wconf 90' lang='lat' dir='ltr'><strong>qui</strong></span> <span class='ocrx_word' id='word_1_702' title='bbox 1562 2607 1651 2638; x_wconf 80' lang='lat' dir='ltr'><strong>facile</strong></span> <span class='ocrx_word' id='word_1_703' title='bbox 1672 2608 1768 2646; x_wconf 86' lang='lat' dir='ltr'><strong>cedit,</strong></span> <span class='ocrx_word' id='word_1_704' title='bbox 1782 2611 1813 2638; x_wconf 87' lang='lat' dir='ltr'><strong>et:</strong></span> 
     </span>
     <span class='ocr_line' id='line_1_118' title="bbox 1090 2651 1814 2692; baseline -0.003 -8"><span class='ocrx_word' id='word_1_705' title='bbox 1090 2654 1227 2684; x_wconf 82' lang='lat' dir='ltr'><strong>oratione</strong></span> <span class='ocrx_word' id='word_1_706' title='bbox 1246 2653 1364 2684; x_wconf 85' lang='lat' dir='ltr'><strong>moveri</strong></span> <span class='ocrx_word' id='word_1_707' title='bbox 1383 2663 1418 2683; x_wconf 86' lang='lat' dir='ltr'><strong>se</strong></span> <span class='ocrx_word' id='word_1_708' title='bbox 1434 2652 1561 2692; x_wconf 83' lang='lat' dir='ltr'><strong>patitur,</strong></span> <span class='ocrx_word' id='word_1_709' title='bbox 1577 2652 1630 2682; x_wconf 83' lang='lat' dir='ltr'><strong>sed</strong></span> <span class='ocrx_word' id='word_1_710' title='bbox 1647 2651 1739 2682; x_wconf 83' lang='lat' dir='ltr'><strong>etiam</strong></span> <span class='ocrx_word' id='word_1_711' title='bbox 1753 2662 1814 2692; x_wconf 92' lang='lat' dir='ltr'><strong>po-</strong></span> 
     </span>
     <span class='ocr_line' id='line_1_119' title="bbox 1088 2694 1815 2737; baseline -0.003 -10"><span class='ocrx_word' id='word_1_712' title='bbox 1088 2702 1157 2727; x_wconf 85' lang='lat' dir='ltr'><strong>tens</strong></span> <span class='ocrx_word' id='word_1_713' title='bbox 1179 2697 1210 2727; x_wconf 92' lang='lat' dir='ltr'><strong>in</strong></span> <span class='ocrx_word' id='word_1_714' title='bbox 1237 2696 1467 2737; x_wconf 84' lang='lat' dir='ltr'><strong>persuadendo,</strong></span> <span class='ocrx_word' id='word_1_715' title='bbox 1489 2695 1609 2736; x_wconf 83' lang='lat' dir='ltr'><strong>pollens</strong></span> <span class='ocrx_word' id='word_1_716' title='bbox 1631 2694 1662 2726; x_wconf 87' lang='lat' dir='ltr'><strong>vi</strong></span> <span class='ocrx_word' id='word_1_717' title='bbox 1686 2705 1815 2735; x_wconf 78' lang='lat' dir='ltr'><strong>persua-</strong></span> 
     </span>
     <span class='ocr_line' id='line_1_120' title="bbox 1089 2741 1195 2771; baseline -0.009 0"><span class='ocrx_word' id='word_1_718' title='bbox 1089 2741 1195 2771; x_wconf 84' lang='lat' dir='ltr'><strong>dendi.</strong></span> 
     </span>
    </p>

    <p class='ocr_par' dir='ltr' id='par_1_25' title="bbox 1089 2778 1813 2909">
     <span class='ocr_line' id='line_1_121' title="bbox 1132 2778 1813 2824; baseline -0.004 -11"><span class='ocrx_word' id='word_1_719' title='bbox 1132 2783 1209 2813; x_wconf 86' lang='lat' dir='ltr'><strong>ibid.</strong></span> <span class='ocrx_word' id='word_1_720' title='bbox 1230 2794 1263 2824; x_wconf 89' lang='lat' dir='ltr'><strong>p.</strong></span> <span class='ocrx_word' id='word_1_721' title='bbox 1279 2785 1355 2814; x_wconf 70' lang='lat'><strong>322.</strong></span> <span class='ocrx_word' id='word_1_722' title='bbox 1378 2794 1409 2813; x_wconf 89' lang='lat' dir='ltr'><strong>v.</strong></span> <span class='ocrx_word' id='word_1_723' title='bbox 1427 2792 1500 2823; x_wconf 83' lang='lat' dir='ltr'><strong>pen.</strong></span> <span class='ocrx_word' id='word_1_724' title='bbox 1521 2780 1616 2822; x_wconf 69' lang='grc' dir='ltr'>ἡμῶν]</span> <span class='ocrx_word' id='word_1_725' title='bbox 1641 2778 1813 2817; x_wconf 86' lang='lat' dir='ltr'><strong>Revocavi,</strong></span> 
     </span>
     <span class='ocr_line' id='line_1_122' title="bbox 1089 2825 1812 2866; baseline -0.006 -9"><span class='ocrx_word' id='word_1_726' title='bbox 1089 2827 1241 2858; x_wconf 87' lang='lat' dir='ltr'><strong>sententia</strong></span> <span class='ocrx_word' id='word_1_727' title='bbox 1257 2827 1289 2858; x_wconf 90' lang='lat' dir='ltr'><strong>id</strong></span> <span class='ocrx_word' id='word_1_728' title='bbox 1304 2827 1490 2866; x_wconf 88' lang='lat' dir='ltr'><strong>postulante.</strong></span> <span class='ocrx_word' id='word_1_729' title='bbox 1512 2825 1587 2855; x_wconf 83' lang='lat' dir='ltr'><strong>alias</strong></span> <span class='ocrx_word' id='word_1_730' title='bbox 1602 2825 1729 2865; x_wconf 84' lang='lat' dir='ltr'><strong>vulgata</strong></span> <span class='ocrx_word' id='word_1_731' title='bbox 1744 2834 1812 2855; x_wconf 87' lang='lat' dir='ltr'><strong>sen·</strong></span> 
     </span>
     <span class='ocr_line' id='line_1_123' title="bbox 1089 2868 1812 2909; baseline -0.003 -8"><span class='ocrx_word' id='word_1_732' title='bbox 1089 2871 1215 2902; x_wconf 84' lang='lat' dir='ltr'><strong>tentiam</strong></span> <span class='ocrx_word' id='word_1_733' title='bbox 1228 2871 1315 2900; x_wconf 86' lang='lat' dir='ltr'><strong>daret</strong></span> <span class='ocrx_word' id='word_1_734' title='bbox 1329 2881 1390 2900; x_wconf 88' lang='lat' dir='ltr'><strong>non</strong></span> <span class='ocrx_word' id='word_1_735' title='bbox 1401 2870 1524 2900; x_wconf 80' lang='lat' dir='ltr'><strong>malum.</strong></span> <span class='ocrx_word' id='word_1_736' title='bbox 1539 2868 1593 2909; x_wconf 89' lang='lat' dir='ltr'><strong>qui</strong></span> <span class='ocrx_word' id='word_1_737' title='bbox 1604 2869 1694 2900; x_wconf 74' lang='lat' dir='ltr'><strong>noxia</strong></span> <span class='ocrx_word' id='word_1_738' title='bbox 1704 2874 1812 2908; x_wconf 85' lang='lat' dir='ltr'><strong>rogato</strong></span> 
     </span>
    </p>
   </div>
   <div class='ocr_carea' id='block_1_5' title="bbox 1090 2915 1552 2955">
    <p class='ocr_par' dir='ltr' id='par_1_26' title="bbox 1090 2915 1552 2955">
     <span class='ocr_line' id='line_1_124' title="bbox 1090 2915 1552 2955; baseline -0.004 -10"><span class='ocrx_word' id='word_1_739' title='bbox 1090 2919 1191 2955; x_wconf 83' lang='lat' dir='ltr'><strong>rogat,</strong></span> <span class='ocrx_word' id='word_1_740' title='bbox 1207 2915 1234 2945; x_wconf 91' lang='lat' dir='ltr'><strong>is</strong></span> <span class='ocrx_word' id='word_1_741' title='bbox 1246 2919 1353 2946; x_wconf 78' lang='lat' dir='ltr'><strong>contra</strong></span> <span class='ocrx_word' id='word_1_742' title='bbox 1367 2924 1436 2945; x_wconf 85' lang='lat' dir='ltr'><strong>eum</strong></span> <span class='ocrx_word' id='word_1_743' title='bbox 1452 2918 1552 2953; x_wconf 82' lang='lat' dir='ltr'><strong>rogat.</strong></span> 
     </span>
    </p>
   </div>
   <div class='ocr_carea' id='block_1_6' title="bbox 990 3026 1163 3035">
    <p class='ocr_par' dir='ltr' id='par_1_27' title="bbox 990 3026 1163 3035">
     <span class='ocr_line' id='line_1_125' title="bbox 990 3026 1163 3035; baseline 0 305"><span class='ocrx_word' id='word_1_744' title='bbox 990 3026 1163 3035; x_wconf 95' lang='lat' dir='ltr'><strong> </strong></span> 
     </span>
    </p>
   </div>
   <div class='ocr_carea' id='block_1_7' title="bbox 991 3037 1162 3046">
    <p class='ocr_par' dir='ltr' id='par_1_28' title="bbox 991 3037 1162 3046">
     <span class='ocr_line' id='line_1_126' title="bbox 991 3037 1162 3046; baseline 0 294"><span class='ocrx_word' id='word_1_745' title='bbox 991 3037 1162 3046; x_wconf 95' lang='lat' dir='ltr'><strong> </strong></span> 
     </span>
    </p>
   </div>
  </div>
 </body>
</html>
