1916 3340
319 199 427 247 342

319 305 402 331 (etate
422 311 486 337 sua,
503 311 571 332 cum
595 301 660 332 scil.
679 313 744 333 eum
761 308 866 344 ageret
883 302 1033 333 florentis-

318 354 437 375 sunam.

362 387 439 417 ibid.
455 398 484 417 v.
503 391 532 418 8.
557 386 693 429 Χείλωνα]
719 389 858 419 Praetuli.
880 393 930 418 est
952 388 1035 418 Lati-

320 439 427 459 norum
445 430 552 462 Labeo.

362 473 439 503 ibid.
457 484 488 503 v.
504 477 533 504 9.
559 474 776 515 ἀτυχημάτων]
801 475 909 504 Causae
929 474 971 503 nil
988 474 1034 503 vi-

318 516 390 552 deo,
408 527 462 546 cur
477 517 515 546 de
533 519 675 547 secundis
692 518 923 547 Atheniensium
942 518 1034 547 rebus

318 558 369 587 hio
387 560 500 590 mentio
514 561 578 590 fieri
595 561 715 590 debeat.
741 562 846 597 Pater,
866 561 955 589 malis
978 560 1033 589 do-

318 606 399 638 ctus,
423 603 518 633 filium
546 604 693 633 docuerat
721 613 839 642 sapere.
880 604 1035 632 Praeterea

319 645 456 675 additum
469 647 529 682 ’τοῖς
543 646 608 675 ὠσὶν
620 646 759 675 excludit
770 648 809 676 τὰ
825 646 1033 687 εὐτυχήματα.

320 688 486 719 Feriuntur
507 700 596 719 aures
617 690 739 725 fortius,
760 694 851 728 atque
871 690 1033 729 perhorre-

320 737 408 761 scunt
425 743 441 761 a
457 733 535 761 fama
551 732 683 761 cladium
701 738 732 761 et
748 743 848 762 rerum
873 743 1032 763 saevarum.

319 774 358 803 ad
373 775 428 804 1135
444 775 594 814 imprimis
609 785 695 805 aures
711 776 880 814 arrigimus.

361 817 387 856 §.
403 818 461 852 κζ’.
483 829 513 856 p.
532 821 605 848 117.
623 829 651 848 v.
668 824 809 858 antepen.
831 821 885 848 τῶν
905 820 1032 859 συμμά-

316 860 391 900 χων]
423 861 504 890 Dedi
532 862 570 891 de
601 872 669 891 meo
697 864 752 891 τῶν
779 865 972 903 συμμαχιῶν.
1001 867 1033 893 et

317 908 467 942 praeterea
497 915 625 941 comma,
652 905 736 944 quod
762 906 793 934 iu
825 907 955 944 vulgatis
984 911 1033 936 est

318 955 397 984 pone
407 945 568 983 σπένδουσι,
583 948 704 978 sustuli.
722 949 961 988 Comparantur
953 954 1033 979 inter

317 999 362 1024 se,
377 994 411 1018 ut
431 990 579 1030 disparia,
595 992 625 1021 ai
649 989 828 1032 συμμαχίαι
851 997 882 1022 et
905 994 945 1022 ’τὰ
964 993 1031 1033 ἱερά.

315 1032 354 1060 111
372 1033 467 1062 sacris
483 1034 608 1073 quidem
632 1036 861 1074 συνεφάπτονται
885 1037 939 1065 τῶν
962 1036 1033 1076 ἱερῶν

315 1073 349 1109 ii,
365 1076 417 1114 qui
435 1087 519 1106 suam
536 1079 700 1107 eorundem
718 1088 873 1108 sacrorum
895 1089 1032 1109 commu-

315 1117 438 1149 nionem
460 1124 491 1148 et
512 1121 780 1160 participationem
803 1122 908 1152 testari
923 1122 1032 1162 palam

315 1161 434 1191 volunt.
462 1162 507 1193 Hi
524 1164 632 1194 eadem
650 1169 733 1200 exta,
755 1176 808 1195 seu
831 1166 932 1195 lances
950 1165 1032 1195 extis

316 1210 468 1242 oneratas,
486 1216 591 1237 omnes
608 1208 730 1237 easdem
751 1208 892 1238 manibus
914 1208 1032 1238 coutin-

315 1253 392 1285 gunt
407 1254 581 1288 tenentque.
605 1251 674 1280 Non
690 1255 790 1281 autem
805 1252 875 1281 novi
890 1252 955 1291 pari
967 1262 1031 1281 rno-

314 1290 355 1319 (lo
366 1296 428 1320 tum
439 1303 559 1331 quoque
570 1304 633 1323 rem
643 1295 719 1333 geri,
729 1305 798 1324 cum
811 1294 884 1324 belli
898 1295 1030 1324 societas

314 1343 383 1362 cum
401 1335 504 1374 aliquo
520 1337 651 1366 ineunda
668 1343 698 1367 et
714 1339 914 1376 jurejurando
931 1338 1031 1367 sanci-

314 1377 394 1406 enda
415 1384 472 1408 est.
519 1380 677 1418 Ejusmodi
699 1381 788 1410 simul
811 1381 1031 1420 apprehensores

312 1421 477 1450 societatum
492 1423 620 1452 inbellis
634 1434 692 1462 ego
703 1424 843 1463 equidem
857 1425 936 1453 haud
947 1423 1031 1460 novi,

314 1472 413 1501 neque
429 1465 504 1494 mihi
527 1466 671 1495 arrident.
717 1467 874 1496 Abhorret
896 1477 914 1496 a
936 1477 1031 1496 more.

313 1515 411 1544 neque
440 1508 518 1537 enim
547 1509 678 1539 societas
707 1510 819 1539 bellica
842 1514 888 1539 est
915 1520 1032 1548 pannus

313 1548 423 1588 aliquis
443 1550 523 1580 latus
542 1557 572 1581 et
587 1553 709 1591 ingens,
725 1553 762 1582 ad
779 1563 868 1591 quem
888 1563 958 1582 cum
978 1553 1032 1582 ad-

313 1591 445 1622 stiterint
462 1595 602 1634 utrinque
616 1596 750 1632 centeni,
766 1605 836 1625 oras
853 1596 920 1634 ejus
935 1596 1032 1626 mani-

312 1636 370 1664 bus
390 1641 522 1667 teneant.

354 1678 433 1708 ibid.
459 1691 488 1710 v.
506 1681 560 1710 ult.
584 1681 654 1721 γὰρ]
680 1683 766 1712 Bene
791 1682 893 1719 habet,
917 1683 1032 1722 pendet

311 1732 349 1751 ex
363 1722 410 1751 οὐκ
425 1722 476 1761 ἔφη
491 1723 666 1762 ἐπιψηφιεῖν,
684 1725 809 1766 negabat
820 1744 861 1748 —
871 1725 941 1756 huic
954 1728 1031 1756 enim

311 1767 425 1804 negotio
449 1767 539 1796 alium
563 1769 725 1797 concionem
743 1769 850 1798 datum
874 1770 923 1798 iri.
961 1770 1031 1798 Hoc

311 1809 392 1837 enim
404 1815 452 1838 est
464 1809 638 1847 ἀποδοθηναι,
650 1811 870 1850 significatione
884 1813 1031 1852 temporis

311 1851 419 1888 futuri,
434 1853 465 1881 h.
479 1853 500 1882 l.
514 1864 573 1882 non
590 1855 751 1892 praeteriti.
777 1855 940 1884 Revocavi
957 1865 1031 1894 ergo

313 1896 378 1934 γᾶς,
397 1900 553 1934 expuncto
571 1896 609 1932 δὲ,
626 1897 707 1935 quod
721 1898 856 1928 Wolfius
873 1898 918 1927 illi
934 1898 972 1927 de
984 1909 1031 1927 ar·

317 1938 430 1966 bitratu
449 1949 505 1968 suo
521 1940 693 1969 suffecerat.

355 1980 382 2019 §.
399 1981 455 2021 κζ’.
471 1993 500 2022 1).
518 1986 591 2014 118.
610 1993 641 2012 V.
655 1984 710 2012 ult.
728 1983 782 2024 οὐχ
797 1982 913 2025 ἑαυτοῦ]
931 1983 1031 2019 Civis,

311 2033 370 2053 non
395 2025 452 2059 sui,
478 2026 530 2055 sed
556 2027 654 2061 vestri,
679 2026 709 2055 id
736 2033 796 2061 est,
821 2027 1031 2062 Atheniensis,

311 2067 452 2103 Athenis,
469 2078 527 2097 non
550 2068 636 2098 illinc
660 2069 795 2105 oriundi,
811 2071 891 2100 unde
917 2072 1031 2100 Demo-

314 2110 439 2139 sthenes
457 2122 552 2150 gcnus
567 2112 662 2142 ducit.
681 2113 854 2142 Notabatur
870 2113 949 2143 enim
968 2115 1033 2143 De-

311 2153 486 2184 mosthenes·
506 2155 751 2194 peregrinitatis,
768 2160 874 2195 utpote
894 2158 983 2196 cujus
1000 2167 1032 2186 a·

314 2196 363 2225 via
380 2196 506 2236 Scythis
521 2199 644 2228 fuisset.

354 2239 432 2269 ibid.
458 2240 688 2281 προδιορθοῦμαι]
713 2242 765 2272 Sic
788 2243 917 2272 dederat
933 2242 1030 2279 Wolf,

312 2286 344 2311 et
359 2284 528 2313 secundum
545 2295 614 2313 eum
630 2286 757 2324 'l'.aylor
779 2285 927 2315 revocavi
944 2291 1031 2316 vetu-

312 2329 389 2355 stam
407 2327 516 2356 bonam
532 2327 694 2357 lectionem
718 2328 885 2370 ωροσδιορθ.
903 2340 972 2359 011111
990 2329 1031 2358 51-

310 2369 385 2398 bilo.
424 2370 523 2399 Addit
544 2370 623 2399 enim
648 2372 684 2400 ad
705 2373 889 2401 vocabulum
912 2369 1030 2402 πολίτου

312 2412 388 2441 113110
405 2412 502 2442 veluti
526 2413 732 2443 accessoriam
756 2414 904 2455 διόςθωσιν,
927 2416 1028 2445 deter-

311 2455 518 2492 minationem,
542 2456 638 2486 errori
662 2459 868 2496 praecavendo
892 2459 1030 2488 destina-

313 2502 386 2528 tam.

355 2552 387 2580 p
412 2544 486 2573 119.
514 2553 544 2573 v.
569 2545 601 2573 3.
630 2541 796 2583 τέμνοντες]
830 2544 902 2573 Sine
933 2543 1028 2574 dubio

310 2581 468 2624 τέμνον-νοις
484 2585 546 2625 leg.
571 2585 624 2615 Nil
640 2586 779 2615 offendor
797 2597 844 2623 eo,
863 2587 944 2625 quod
966 2592 1028 2616 sta-

310 2627 365 2656 tim
383 2627 461 2667 αὐτῷ
482 2628 670 2667 insequatur,
689 2639 748 2658 non
769 2630 876 2664 αὐτοις.
908 2630 1028 2660 Subau-

310 2670 396 2700 ditur
418 2671 511 2707 enim,
531 2682 777 2711 unumquemque
803 2678 1026 2703 sacramentum

310 2714 369 2744 1100
389 2714 555 2744 dicentium
575 2715 735 2750 affirmare,
751 2720 833 2745 recte
859 2720 1026 2755 sancteque

311 2756 350 2785 de
367 2767 399 2786 se
413 2757 627 2796 pronuntiasse
638 2759 774 2797 judices.
807 2759 914 2788 Solent
927 2759 1025 2788 Attici

311 2809 328 2828 a
343 2799 456 2837 plurali
472 2801 511 2830 ad
529 2801 723 2841 singularem,
737 2806 768 2831 et
785 2812 891 2832 rursus
907 2803 945 2831 ab
967 2803 1025 2832 hoc

311 2842 349 2870 ad
367 2842 466 2879 illum,
482 2844 586 2873 subito
602 2845 743 2875 transire.

352 2884 429 2914 ibid.
445 2897 474 2916 v.
492 2888 522 2916 6.
538 2885 735 2928 ψηφίζεσθαι]
761 2887 869 2918 Malim
891 2885 1023 2926 ψηφίσαι-

308 2926 387 2962 coac,
414 2938 482 2958 nam
510 2931 661 2960 sententia
688 2936 810 2970 tempus
834 2932 1022 2970 praeteritum

306 2970 453 3008 postulat.
480 2972 551 3001 Nisi
567 2974 656 3004 malis
672 2974 821 3014 scaligeri
844 2972 1021 3015 ἐψηφίσθαι,

307 3013 386 3051 quod
404 3013 484 3044 idem
502 3016 593 3046 valet.

756 211 987 254 REISKII
1021 211 1351 254 ANNOTATA

1112 301 1138 341 ᾗ.
1154 302 1197 332 uh.
1213 313 1244 341 p.
1262 304 1333 332 119.
1348 313 1378 331 v.
1395 302 1445 332 15.
1461 303 1639 342 συγγνώμην,
1649 302 1778 343 κίναιδον]

1068 346 1245 383 Interposui
1262 345 1295 374 εἴ.
1318 350 1439 384 poterat
1455 345 1545 375 etiam
1560 347 1668 375 eodem
1687 356 1779 375 sensu

1069 387 1097 419 ἢν
1112 388 1276 427 interponi,
1294 389 1375 426 quod
1400 399 1487 427 quam
1508 389 1597 418 facile
1614 389 1748 427 potuerit
1763 399 1781 417 a

1070 432 1212 461 vocabuli
1224 430 1359 470 proximi
1375 431 1433 460 tine
1447 431 1532 466 elidi,
1546 431 1594 460 vel
1607 432 1781 466 absorberi,

1068 484 1156 503 nemo
1173 485 1230 503 non
1243 474 1337 504 videt.
1359 474 1419 503 Sed
1435 479 1498 503 111111
1511 484 1644 514 quoque,
1656 474 1686 502 id
1698 475 1781 512 quod

1069 518 1242 547 necessario
1259 518 1323 546 fieri
1339 517 1470 546 debebat
1486 515 1643 557 προσειπών
1656 527 1782 546 revoca·

1070 560 1111 596 vi,
1125 570 1179 598 pro
1195 559 1373 600 wgwemdvva
1391 560 1513 590 Wolfii.

1111 613 1142 641 p.
1160 606 1233 633 120.
1249 614 1281 633 v.
1298 606 1326 634 3.
1346 614 1409 636 τους
1432 601 1542 644 χςόνους
1564 613 1611 631 και
1635 603 1676 631 τὰ
1693 599 1781 642 ψηφί-

1068 647 1193 687 σματα]
1219 646 1344 676 Mallem
1368 647 1414 676 sic
1437 647 1530 675 verba
1555 646 1720 675 struxisset
1741 648 1781 675 τὰ,

1069 688 1265 730 ψηφίσματα,
1280 701 1328 719 και
1351 691 1416 724 τοὺς
1434 688 1553 731 χρόνους.
1576 688 1715 717 Subaudi
1731 689 1782 718 αὐ-

1068 744 1134 763 των.

1111 775 1137 815 §.
1159 774 1211 804 κΘ’.
1235 787 1267 815 p.
1285 778 1358 807 1⁶20.
1380 786 1411 805 v.
1428 778 1479 806 10.
1504 773 1658 814 Φιλίππῳ,
1683 775 1781 803 ταῦτα.

1066 819 1110 858 μὴ
1134 819 1227 848 ’ποιεῖν
1248 819 1295 848 οὐκ.
1314 817 1461 858 ἠθέλησα]
1485 818 1539 848 810
1561 817 1634 847 011111
1651 822 1716 847 erat
1733 818 1780 847 di-

1068 863 1224 897 stinctum,
1234 873 1291 901 ego
1309 861 1451 898 distinxi,
1464 866 1498 892 ut
1513 872 1568 901 par
1585 865 1663 895 erat,
1679 861 1782 890 Φιλίπ-

1068 915 1113 934 πω
1129 906 1229 935 ταῦτα
1248 917 1290 944 μη
1312 915 1410 940 ποιειν,
1425 909 1457 934 et
1472 915 1541 934 cum
1557 903 1781 934 contestatione

1068 939 1216 987 Philippo
1235 948 1433 983 interdicere,
1450 958 1487 977 ne
1508 948 1568 977 ista
1587 947 1713 981 faceret,
1736 947 1782 987 [h.

1068 1001 1095 1021 e.
1114 1002 1151 1021 ne
1172 991 1400 1030 Kersoblepten
1416 990 1509 1020 armis
1525 988 1664 1029 vexaret]
1686 989 1733 1018 οὐκ
1753 991 1782 1020 ἦ-

1067 1032 1186 1070 emm,
1199 1035 1294 1070 nolui,
1306 1033 1451 1064 5011.ἰὲνα,ι
1463 1033 1511 1063 και
1527 1031 1780 1072 &canapo-figmenta.

1071 1078 1229 1108 Revocavi
1252 1079 1307 1118 μὴ,
1325 1077 1374 1108 0111
1390 1077 1485 1107 Wolf
1501 1076 1649 1106 arbitratu
1672 1085 1727 1105 5110
1751 1076 1781 1107 δὴ

1068 1121 1242 1151 suffecerat.

1109 1164 1187 1195 ibid.
1207 1176 1236 1194 v.
1253 1167 1307 1195 13.
1328 1162 1387 1205 ὅτι]
1414 1165 1483 1203 Ego
1498 1163 1641 1203 equidem
1657 1162 1782 1201 vulgata

1066 1207 1148 1237 haud
1172 1208 1319 1244 offendar,
1342 1218 1410 1247 quae
1430 1208 1512 1237 idem
1528 1207 1623 1242 valet,
1638 1211 1729 1244 atque
1755 1206 1782 1235 si

1067 1251 1206 1280 dedisset
1217 1255 1331 1287 orator,
1343 1249 1479 1289 λεγούσης
1491 1249 1543 1280 δ’τι.
1563 1251 1641 1288 Quae
1651 1249 1787 1286 epistola

1066 1294 1124 1323 hoc
1140 1294 1230 1330 dicit,
1246 1294 1296 1323 vel
1318 1304 1378 1333 qua
1401 1294 1431 1323 in
1454 1293 1587 1333 epistola
1611 1292 1789 1330 perscripta

1064 1337 1130 1366 haec
1148 1342 1227 1366 sunt.
1244 1337 1332 1366 Conf-
1350 1337 1389 1366 ad
1405 1349 1433 1377 p.
1452 1339 1524 1367 127.
1544 1347 1573 1366 v,
1591 1339 1621 1366 8.
1638 1336 1784 1365 dicenda.

1109 1380 1186 1409 ibid.
1202 1391 1230 1410 v.
1245 1382 1298 1411 ΞΟ.
1314 1381 1393 1409 ἀλλὰ
1407 1379 1607 1420 Μουνυχιῶνος]
1626 1379 1785 1408 Sententia

1065 1427 1226 1458 monstrat,
1264 1432 1343 1462 pone
1374 1423 1620 1461 conjunctionem
1653 1422 1783 1460 paucula

1066 1467 1205 1504 quaedam
1222 1465 1326 1499 deese,
1341 1464 1371 1493 111
1387 1465 1465 1495 113110
1479 1465 1574 1494 ferme
1589 1465 1783 1494 sententiam:

1065 1507 1115 1537 καὶ
1130 1509 1334 1550 1γινςοχοιιροιἿνί-ος
1354 1506 1415 1544 ἤδη,
1437 1519 1495 1538 11011
1520 1508 1712 1538 solummodo
1728 1508 1783 1537 ali-

1066 1561 1142 1591 quos
1174 1550 1426 1591 Elaphebolionis
1455 1551 1525 1581 dies
1554 1550 1721 1580 mansimus
1751 1551 1781 1580 in

1068 1595 1161 1630 Urbe,
1185 1595 1238 1624 sed
1261 1595 1354 1624 etiam
1380 1604 1438 1624 11011
1462 1594 1555 1624 citius
1577 1595 1782 1630 excessimus,

1065 1648 1155 1677 quam
1168 1648 1274 1668 mense
1293 1638 1500 1677 Munychione
1511 1639 1574 1676 jam
1590 1637 1707 1667 adulto.
1722 1637 1782 1672 καὶ,

1066 1682 1148 1721 quod
1166 1681 1350 1711 Meadianus
1367 1681 1471 1717 dabat,
1487 1680 1617 1710 adscivi.

1109 1735 1140 1764 p.
1158 1727 1231 1755 121.
1251 1735 1280 1753 v.
1298 1726 1329 1755 6.
1349 1724 1361 1753 ὄ
1377 1722 1538 1764 στξατηγός
1552 1723 1601 1752 καὶ
1616 1721 1781 1763 ἐπιστολὴ]

1067 1768 1130 1797 Aut
1146 1767 1207 1807 leg.
1224 1767 1273 1796 καὶ
1290 1768 1303 1797 ἧ
1319 1766 1459 1798 ἐπιστολὴ
1477 1768 1564 1808 (cum
1587 1765 1734 1805 articulo)
1750 1771 1783 1796 ut

1067 1812 1109 1841 sit
1125 1811 1329 1850 liendiadyei'v,
1349 1816 1401 1841 aut
1416 1811 1428 1841 ὁ
1444 1808 1605 1851 στξατηγός
1627 1808 1652 1838 ἓν
1667 1809 1706 1851 τῇ
1719 1808 1784 1839 ἐπι-

1066 1854 1170 1894 στολῇ.

1109 1897 1186 1927 ibid.
1204 1908 1233 1926 v.
1250 1907 1323 1936 pen.
1345 1895 1428 1936 ἦμῒν]
1457 1896 1545 1926 Bene
1561 1896 1651 1925 habet
1668 1895 1719 1925 hic
1737 1895 1782 1924 lo-

1067 1950 1132 1969 cus.
1156 1941 1224 1981 ἦμῖν
1245 1941 1327 1970 idem
1350 1945 1409 1974 est,
1425 1944 1515 1978 atque
1536 1937 1600 1979 πρὸς
1622 1940 1709 1978 ἡμᾶς,
1731 1943 1784 1968 aut

1067 1981 1092 2012 ἐν
1109 1984 1187 2023 ἡμῖν,
1204 1989 1235 2013 et
1251 1984 1285 2016 ὡς
1307 1983 1354 2012 οὐκ
1370 1981 1453 2011 εἰδόσι
1469 1982 1578 2016 τούτοις
1593 1987 1664 2011 511111
1682 1982 1782 2012 dativi

1066 2027 1304 2065 consequentiae,
1312 2026 1532 2065 aequivalentes
1541 2025 1686 2065 genitivis
1697 2026 1784 2054 Groe-

1066 2080 1183 2104 corum,
1194 2075 1245 2099 aut
1261 2069 1404 2099 ablativis
1416 2069 1604 2104 Latinorum,
1622 2068 1714 2106 vulgo
1730 2070 1783 2097 ab·

1067 2112 1189 2147 solutis,
1213 2117 1265 2142 aut
1291 2112 1517 2151 consequentiae
1539 2111 1646 2140 dictis.
1688 2111 1783 2145 Quasi

1067 2155 1109 2191 hi,
1117 2157 1247 2196 judices,
1262 2156 1410 2186 nesciant.
1425 2156 1459 2188 ὡς
1475 2155 1523 2184 cim
1542 2154 1651 2184 εἰδότων
1666 2154 1782 2184 τούτων.

1109 2199 1135 2238 §.
1146 2198 1184 2228 λ’.
1198 2209 1228 2238 p.
1241 2202 1316 2229 122.
1334 2209 1364 2228 v.
1381 2199 1411 2229 5.
1429 2195 1609 2239 προθυμίαις]
1629 2198 1693 2226 lino
1707 2208 1781 2227 vero

1065 2241 1269 2282 ἀωροθυμίας.
1304 2243 1384 2272 Nam
1412 2244 1463 2280 qui
1488 2251 1528 2271 ex
1555 2241 1674 2270 itineris
1697 2241 1781 2279 longi

1066 2290 1119 2315 aut
1148 2285 1296 2322 insuavis,
1325 2290 1357 2315 et
1386 2283 1512 2314 infausti
1539 2283 1702 2318 molestiis,
1729 2289 1782 2313 aut

1066 2328 1188 2358 aliunde
1202 2329 1358 2367 languent,
1373 2331 1575 2367 aegrotantve,
1591 2326 1621 2356 111
1634 2327 1672 2356 ad
1690 2327 1782 2356 verba

1063 2371 1237 2401 faciendum
1259 2371 1410 2410 imprimis
1435 2371 1542 2406 multa,
1560 2373 1593 2399 et
1615 2369 1646 2398 in
1672 2380 1781 2409 magna

1064 2415 1223 2450 concione,
1238 2418 1374 2454 torpent.

1105 2457 1183 2487 ibid.
1200 2467 1229 2487 v.
1248 2459 1298 2489 15.
1321 2456 1409 2497 μηδὲν
1422 2454 1522 2496 ἧττον]
1545 2456 1680 2486 Tametsi
1697 2455 1780 2486 Pho-

1063 2511 1182 2536 censes,
1208 2510 1338 2550 quorum
1364 2510 1457 2530 causa
1482 2500 1541 2529 ista
1565 2499 1680 2537 legatio
1705 2500 1779 2529 illuc

1064 2544 1162 2573 missa
1177 2548 1274 2579 esset,
1287 2545 1349 2582 jam
1367 2543 1541 2582 periissent.

1105 2587 1181 2617 ibid.
1199 2597 1229 2616 v.
1246 2589 1296 2616 17.
1313 2585 1381 2615 ἀλλ’
1396 2584 1444 2616 ἐπι
1460 2584 1568 2614 ταύτην
1582 2585 1631 2616 τῆν
1647 2583 1779 2626 πρεσβεί-

1061 2640 1094 2659 αν
1116 2629 1204 2669 ηκεις]
1235 2629 1341 2659 Malim
1365 2627 1435 2657 ἀλλ’
1454 2626 1508 2657 ἐπ’
1527 2624 1624 2658 ἐκείνην
1647 2630 1696 2659 τὴν
1722 2640 1777 2669 πρ.

1059 2672 1142 2707 η’κεις,
1168 2673 1249 2711 quod
1273 2672 1455 2702 vocabulum
1476 2671 1667 2701 demonstrat
1687 2682 1777 2702 κατη-

1059 2717 1147 2755 γοξεῖς
1163 2714 1252 2745 etiam
1271 2716 1348 2745 bene
1365 2715 1487 2744 habere.

1101 2758 1179 2788 ibid.
1194 2768 1224 2787 V.
1240 2760 1292 2788 24.
1315 2756 1383 2799 ὑπὸ]
1409 2756 1479 2787 ’Am-5
1497 2757 1588 2787 codd.
1606 2768 1664 2787 non
1687 2757 1777 2787 male.

1058 2812 1076 2830 a
1089 2807 1174 2840 purte
1188 2802 1343 2830 sociorum.

1101 2843 1128 2883 §.
1143 2844 1194 2874 λά.
1211 2854 1241 2882 p.
1260 2846 1332 2874 123.
1349 2854 1381 2874 v.
1399 2846 1451 2874 14.
1467 2843 1572 2885 ἆςγὶις]
1602 2842 1722 2872 Nescio
1737 2852 1775 2872 an

1057 2897 1096 2916 ex
1111 2897 1159 2920 eo,
1174 2887 1257 2926 quod
1275 2892 1358 2916 esset
1380 2885 1473 2927 ἀςγός,
1489 2897 1590 2916 saevus
1613 2890 1643 2915 et
1670 2890 1775 2915 trucu-

1057 2931 1169 2965 lentus,
1197 2929 1341 2969 idemque
1365 2930 1502 2966 dolosus,
1529 2934 1560 2959 et
1585 2939 1625 2959 ex
1649 2928 1774 2958 insidiis

1057 2973 1158 3003 subito
1179 2973 1287 3003 solitus
1310 2973 1438 3011 irruere,
1453 2977 1486 3003 ut
1509 2971 1629 3013 anguis,
1646 2976 1697 3002 aut
1721 2981 1771 3001 ca-

1055 3016 1103 3046 nis
1119 3016 1277 3056 malignus.
