1916 3340
239 191 350 241 322

492 198 920 247 ΑΙΣΧΙΝΟΎ
973 200 1467 250 ΕΠΙΣΤΟΛΑΙ.

246 310 484 366 πειθειν”
463 337 608 382 ε’γωγε
651 315 728 379 τὴν
763 315 971 386 ’πατρίδα
1006 316 1084 381 τὴν
1118 317 1238 411 ἔμῆν,9
1267 343 1348 372 και
1375 317 1594 391 μάλιστα
1626 346 1712 387 νυν,

245 385 445 459 ἓμαυτου
470 388 602 459 χάριν
634 392 804 444 πειθειν
840 390 974 445 Bonam
999 424 1092 458 —,
1118 395 1230 447 ἀλλ’
1256 418 1276 446 ο
1308 419 1386 457 της
1415 394 1587 456 π6λεως
1616 398 1713 488 τρό-

245 487 348 527 πος,
384 463 465 517 καὶ
504 489 558 518 το
593 467 747 519 πάλαι
788 491 909 538 υμων
949 465 1108 540 ὄνομα,
1148 494 1229 522 και
1268 493 1321 521 το
1367 494 1453 523 των
1497 469 1714 561 προγόνων

242 536 416 599 ἦθος.
380 563 412 608 ῳ
437 538 787 632 οἷνοιγκαιότερον
813 540 1100 605 ὃήπουθεν,’
1072 569 1097 607 η
1119 543 1398 614 Μελανωπῳ
1424 545 1539 597 καθ
1564 545 1713 618 1υμωιι

242 609 425 685 δεομένῳ
448 639 703 685 προσεχὲίν

928 735 938 755 ¹
956 735 1034 776 ἦμῶν

285 814 399 859 ’Ύμῶν]
436 817 606 848 Wechelus
644 817 689 848 ita
726 829 795 850 oum
826 820 959 851 Wolfio.

242 859 314 890 MS.
329 866 448 896 noster,
465 866 501 891 ut
514 862 625 899 Aldus,
640 860 711 892 καθ’
727 864 826 904 ἡμῶν
842 862 959 904 δεομένῳ

242 901 402 944 προσ-ἐχειν.
425 905 587 936 TAYLOR.

284 947 399 977 Lector
422 958 508 978 meus
531 958 610 979 nuno
634 949 756 979 tandem
774 948 867 979 sentit
884 949 960 988 Epi-

242 989 351 1026 stolas,
366 1001 442 1030 quas
465 991 593 1031 plurimi
612 992 714 1032 magni
737 993 886 1028 fecerunt,
902 994 961 1024 du-

241 1031 308 1062 bias
325 1034 450 1064 omnino
473 1039 505 1064 et
528 1039 688 1076 suspectas
712 1045 783 1066 esse
807 1035 959 1076 incipere.

240 1076 289 1105 An
314 1076 363 1107 hae
386 1077 459 1114 sint,
475 1088 552 1118 quas
568 1078 645 1118 legit
665 1078 884 1116 Philostratus,
899 1090 959 1110 non

239 1118 348 1159 liquet.
394 1122 522 1159 Verum,
551 1121 652 1162 siquid
676 1122 777 1162 sapiat
795 1122 850 1153 ine
874 1123 959 1154 Seri-

239 1168 324 1202 pt0r‚
341 1163 395 1194 vix
409 1175 479 1196 esse
490 1169 668 1205 potuerunt.
684 1167 765 1196 Nam
776 1165 959 1203 Ἐπιστολαὶ,

240 1205 341 1248 inquit
360 1207 428 1245 ille,
443 1209 471 1238 οὐ
494 1209 604 1240 πολλαὶ
625 1208 693 1250 μὲν,
715 1209 913 1246 εὐπαιδευσίας
929 1210 958 1241 δὲ

240 1250 356 1290 μεσταὶ
371 1250 420 1280 καὶ
436 1250 523 1286 ἤθους.

284 1294 494 1326 Doctissimus
509 1295 631 1330 Gallus,
647 1294 698 1335 qui
714 1295 746 1326 in
762 1295 850 1326 Actis
871 1296 957 1327 Lite-

240 1336 331 1368 ratiis
346 1337 591 1377 Parisiensibus,
603 1339 763 1371 AEsehinis
777 1340 872 1372 vitam
885 1351 958 1372 oon-

995 819 1141 859 signavst,
1163 819 1280 859 primus
1304 830 1356 850 eas
1379 819 1410 850 in
1432 820 1559 851 dubium
1575 821 1712 859 vocavit,

995 874 1031 893 ea
1047 863 1164 893 monito
1182 868 1355 900 contentus,
1370 874 1470 903 neque
1487 864 1620 904 amplius
1640 875 1712 904 pro-

995 916 1132 946 gressus.
1177 906 1280 937 Multa
1296 917 1371 938 vero
1387 907 1545 938 contulere
1560 908 1599 938 ad
1618 908 1710 939 fidem

995 960 1100 980 earum
1125 949 1300 986 levandam,
1323 960 1391 990 quae
1411 952 1476 990 jam
1499 961 1567 981 cum
1591 951 1710 981 lectore

995 993 1234 1029 communicavi,
1264 993 1495 1033 suspicionibus
1531 993 1621 1030 meis,
1651 1005 1711 1025 non

994 1040 1096 1066 tamen
1121 1036 1274 1073 omnibus,
1300 1037 1475 1076 frequenter
1498 1036 1712 1076 interspersis,

995 1080 1057 1110 duo
1083 1080 1196 1110 eruditi
1225 1080 1308 1117 Viri,
1333 1081 1381 1110 Cl.
1408 1082 1473 1112 Jer.
1499 1081 1714 1118 Marklandus,

996 1123 1047 1153 cui
1064 1123 1131 1153 baec
1150 1122 1257 1154 Editio
1273 1127 1389 1153 tantum
1415 1123 1526 1153 nitoris
1547 1124 1595 1153 sui
1612 1130 1644 1154 et
1659 1125 1713 1155 de-

995 1165 1080 1197 coris
1110 1167 1218 1203 debet,
1245 1171 1278 1197 et
1304 1167 1437 1197 Thomas
1469 1166 1626 1204 Clerffius,
1657 1167 1712 1207 qui

993 1209 1080 1241 Juris
1102 1210 1223 1250 peritiae
1243 1211 1386 1250 adjunxit
1408 1209 1588 1241 cultissimae
1602 1210 1712 1241 litera-

994 1257 1070 1284 turae
1085 1253 1206 1284 laudem
1219 1264 1228 1292 ;
1243 1258 1275 1284 et
1290 1253 1342 1292 qui
1355 1254 1452 1284 multa
1464 1253 1538 1284 olim
1554 1253 1585 1283 in
1600 1254 1711 1294 spatiis

993 1296 1205 1333 Academicis,
1228 1297 1268 1326 de
1290 1297 1339 1327 his
1362 1297 1477 1328 studiis
1499 1296 1661 1335 disseruit,
1678 1302 1712 1328 et

995 1350 1055 1371 una
1069 1350 1188 1372 mecum
1204 1340 1421 1373 meditabatur.
1444 1341 1552 1373 IDEM.

1742 567 1792 601 15
