1982 3340
303 193 377 234 viii
725 193 759 235 Ι.
795 194 826 235 Ι.
861 195 913 236 Π,
947 194 1030 236 AD
1066 191 1401 235 AESCHINEM

303 313 434 351 operae
455 299 549 338 mihi
572 302 767 340 mitterent
787 302 1051 353 corrigendas,
1073 301 1184 340 uxori
1215 300 1447 339 mandabam
1478 306 1520 338 ut
1550 299 1769 351 exemplum

300 362 573 401 Morellianum
596 363 687 401 mihi
708 365 948 414 praelegeret,
969 364 1144 414 plagulas
1171 369 1349 401 recentes
1369 362 1568 412 relegenti,
1591 376 1639 401 ne
1661 362 1769 412 quod

302 423 537 461 vocabulum
555 425 765 471 excideret,
783 425 888 475 quod
911 425 1023 463 facile
1044 424 1102 471 fit,
1121 424 1414 476 typothetarum
1435 437 1501 462 seu
1522 423 1685 470 incuria,
1701 437 1770 462 seu

300 484 375 522 alio
410 497 648 535 quocunque
678 499 822 526 errore.
882 486 945 524 Sic
965 486 1002 523 in
1023 486 1179 524 edendo
1200 486 1385 524 AEschine
1417 498 1575 536 quoque
1603 484 1768 524 institui.

302 547 498 585 Dederam
522 548 678 597 quidem
699 547 830 598 operis
856 548 1154 599 exprimendum
1175 548 1336 600 Taylori
1356 549 1590 600 exemplum,
1612 548 1718 598 quod
1748 562 1770 587 e

300 609 441 646 vitioso
454 609 651 647 Wolfiano
668 617 909 649 recantatum
926 616 997 657 est,
1016 610 1084 649 sed
1105 625 1127 649 a
1149 625 1208 649 me
1225 611 1331 662 prius
1352 612 1556 662 diligenter
1571 611 1621 649 ad
1641 624 1772 650 exem-

300 671 409 720 plum
431 671 616 721 Stephani
637 678 871 710 correctum.
900 686 1028 723 neque
1051 672 1143 711 satis
1166 672 1241 711 hoc
1262 673 1397 722 habui,
1421 673 1488 711 sed
1514 673 1587 711 hac
1608 684 1769 724 quoque

304 732 464 783 insuper
483 733 663 771 cautione
684 747 767 771 sum
797 747 903 780 usus,
924 740 979 781 ut,
1002 734 1156 784 quoties
1176 734 1330 785 plagula
1353 748 1520 785 quaeque
1541 734 1774 786 corrigenda

302 808 349 831 ex
371 794 524 832 officina
545 795 595 833 ad
617 808 677 833 me
700 797 915 842 afferretur,
938 809 1035 834 uxor
1056 796 1149 834 mihi
1178 796 1365 847 Stephani
1392 797 1624 848 praelegeret
1643 809 1773 835 exem-

303 857 425 907 plum,
446 863 488 895 ut
511 856 704 895 factarum
726 871 748 895 a
769 857 910 896 Wolfio
930 857 1211 896 discessionum
1231 859 1281 896 ab
1302 859 1482 909 exemplo
1502 858 1646 896 Aldino
1667 858 1776 897 nulla

304 932 364 956 me
390 925 527 969 posset
546 918 710 964 fallere;
740 919 959 971 praesertim
991 933 1079 957 cum
1102 932 1177 957 una
1197 920 1375 957 libellum»
1398 920 1628 958 variantium
1654 919 1775 971 inspi-

303 993 445 1026 cerem,
467 981 503 1018 in
526 994 605 1031 quo
629 980 890 1019 discessiones
921 981 1003 1019 illas
1031 981 1243 1020 Wolfianas
1264 981 1469 1032 diligenter
1487 989 1775 1021 annotaveram-

306 1042 397 1085 Qua
418 1042 622 1093 diligentia
636 1049 872 1081 consecutus
888 1043 962 1081 hoc
984 1056 1083 1090 sum,
1099 1049 1143 1081 ut
1160 1049 1297 1081 auctor
1317 1056 1399 1081 esse
1416 1043 1520 1081 bona
1535 1042 1614 1081 fide
1630 1043 1776 1094 possim

304 1117 400 1142 meae
412 1104 597 1142 editionis
614 1105 843 1150 emtoribus,
863 1111 908 1143 ut
927 1104 1145 1151 confidant,
1161 1118 1201 1143 se
1218 1118 1295 1143 non
1309 1110 1537 1155 corruptum
1554 1105 1776 1156 exemplum

304 1166 554 1212 Wolfianum,
586 1167 654 1205 sed
690 1167 898 1217 genuinum
932 1167 1134 1218 Aldinum,
1165 1181 1247 1215 seu,
1279 1167 1386 1218 quod
1419 1167 1522 1206 idem
1552 1167 1674 1206 ferme
1703 1173 1775 1212 est.

303 1229 581 1279 Stephanicum
603 1229 759 1274 habere,
778 1229 850 1267 nisi
871 1230 940 1267 ubi
960 1235 1069 1268 certo
1089 1236 1129 1267 et
1149 1229 1420 1280 praemeditato
1440 1230 1620 1277 consilio,
1641 1242 1776 1280 graves

303 1290 356 1327 ob
377 1304 529 1339 causam,
552 1290 602 1329 de
633 1290 777 1340 quibus
807 1304 831 1328 a
859 1305 919 1329 me
949 1290 1043 1329 satis
1065 1290 1210 1329 factum
1232 1304 1331 1336 esse,
1353 1290 1432 1328 sive
1460 1291 1589 1328 statim
1617 1291 1656 1328 in
1683 1289 1776 1328 sub-

297 1351 416 1400 jectis
435 1352 852 1398 animadversionibus,
873 1353 951 1391 sive
982 1353 1021 1390 in
1050 1353 1149 1391 libro
1180 1352 1426 1399 variantium,
1460 1352 1633 1399 confido,
1655 1365 1676 1390 a
1696 1352 1776 1403 pri-

303 1413 484 1463 migeniis
516 1415 589 1452 illis
619 1413 870 1462 editionibus,
894 1414 1095 1453 admonito
1127 1414 1274 1466 ubique
1304 1414 1482 1453 locorum
1508 1414 1669 1461 lectore,
1698 1412 1778 1451 dis.

305 1489 419 1514 cess1.

896 1564 1067 1607 SECT.
1099 1565 1193 1606 ΙΙΙ.

818 1654 884 1694 De
903 1655 1074 1694 editione
1094 1654 1274 1705 Taylorz‘.

360 1733 568 1784 Taylorum
606 1732 794 1770 decuerat
839 1732 1001 1782 perinde
1036 1737 1194 1769 cautum
1231 1729 1365 1768 fuisse.
1421 1728 1495 1767 Ille
1533 1742 1639 1776 ver0,
1677 1731 1780 1782 proh

307 1794 494 1842 dedecus,
529 1794 741 1832 editionem
777 1793 1055 1832 Demosthenis
1083 1798 1202 1843 atque
1226 1790 1438 1838 AEschinis,
1469 1804 1491 1829 a
1511 1804 1589 1842 qua
1606 1791 1781 1831 futurum

308 1857 579 1906 sperabamus,
604 1862 647 1894 ut
668 1869 802 1894 omnes
824 1856 926 1902 aliae,
947 1854 1188 1905 antiquiores
1209 1860 1329 1900 certe,
1355 1854 1626 1900 obruerentur,
1647 1854 1783 1892 Wolfi-

308 1932 422 1956 anum
445 1919 649 1968 utriusque
669 1917 838 1955 auctoris
861 1918 1081 1968 exemplum
1110 1916 1239 1968 operis
1269 1916 1348 1954 suis
1368 1910 1636 1954 recudendum
1656 1916 1782 1962 dedit,

310 1995 390 2031 quo
412 1987 564 2032 turpem
585 1980 693 2031 operi
714 1993 784 2018 suo
805 1980 996 2017 maculam
1017 1979 1171 2025 inussit,
1203 1978 1340 2017 laudes
1364 1980 1448 2029 ejus
1475 1991 1590 2029 paene
1610 1984 1785 2028 prostra-

308 2045 364 2082 vit
386 2057 533 2090 omnes,
562 2043 773 2092 effecitque
800 2048 842 2080 ut
862 2042 985 2080 editio
1007 2041 1353 2091 Cantabrigiensis‚
1376 2040 1492 2078 fidem
1516 2040 1728 2078 lectionum
1752 2041 1783 2078 si

310 2113 478 2157 spectes,
506 2107 620 2144 etiam
655 2105 840 2143 Parisinae
869 2105 917 2142 sit
948 2104 1237 2155 posthabenda.
1293 2104 1493 2153 Perpetuo
1521 2115 1609 2141 cum
1640 2101 1784 2140 Wolfio

312 2170 489 2218 queritur
525 2175 565 2206 et
604 2169 765 2212 rixatur,
804 2167 842 2204 in
879 2180 1048 2217 eumque
1082 2165 1257 2212 desaevit,
1289 2170 1334 2202 ut
1366 2165 1464 2202 texti
1498 2169 1784 2214 corruptorem.

312 2231 394 2268 Cur
411 2231 528 2281 igitur
552 2243 702 2268 coecum
725 2229 866 2266 ducem
888 2228 1014 2266 sciens
1037 2227 1225 2278 sequeris,
1247 2226 1393 2264 relictis
1415 2225 1581 2264 oculatis
1601 2225 1785 2273 ducibus,

314 2292 380 2342 qui
403 2297 548 2342 praesto
576 2298 700 2336 erant,
723 2304 822 2340 quos
854 2305 926 2329 usu
953 2290 1131 2340 cognitos
1161 2288 1362 2327 habebas?
1402 2289 1483 2326 Cur
1512 2287 1701 2325 lectiones
1732 2302 1789 2327 re.-

313 2355 464 2404 coquis,
494 2367 591 2404 quas
621 2355 705 2404 ipse
735 2359 817 2390 tute
844 2353 1071 2403 imposturae
1092 2352 1269 2396 damnas,
1297 2351 1335 2388 in
1358 2355 1516 2401 promtu
1545 2363 1633 2387 cum
1654 2356 1786 2389 essent

314 2417 523 2455 meliores?
568 2416 649 2454 Cur
670 2429 762 2461 non,
788 2421 833 2453 ut
857 2428 930 2465 ego
957 2414 1048 2465 feci,
1083 2419 1151 2451 aut
1182 2413 1459 2451 Morellianum
1489 2411 1785 2458 Demosthenis,

313 2485 381 2516 aut
402 2478 682 2528 Stephanicum
711 2477 906 2514 AEschinis
927 2476 1148 2526 exemplum
1175 2475 1304 2526 operis
1324 2474 1400 2511 tuis
1420 2474 1459 2512 in
1479 2486 1614 2511 manus
1634 2473 1787 2512 dabas?

315 2541 422 2584 Quas
444 2546 482 2578 te
503 2539 672 2578 decebat
692 2539 852 2577 mendas
871 2538 1016 2584 eluere,
1046 2537 1133 2575 navi
1153 2542 1193 2574 et
1213 2535 1387 2586 religiosi
1415 2535 1578 2573 editoris
1605 2535 1637 2572 si
1661 2536 1787 2573 *velles

314 2603 492 2653 partibus
510 2601 749 2647 satisfacere,
773 2615 870 2651 quas
891 2601 992 2638 ultro
1014 2605 1144 2650 partes
1166 2598 1419 2648 suscepisses,
1447 2611 1517 2636 cur
1536 2610 1602 2635 eas
1622 2597 1785 2635 mendas

314 2678 523 2716 propagas,
544 2671 584 2703 et
615 2664 746 2702 insciis
767 2669 886 2713 atque
908 2661 1221 2713 imprudentibus
1241 2660 1464 2698 chartarum
1485 2664 1638 2697 tuarum
1658 2659 1787 2710 splen-

317 2726 411 2764 dore
432 2732 581 2764 tantum
604 2739 682 2764 non
703 2725 982 2764 commendas}
1026 2724 1133 2761 Eane
1157 2728 1216 2760 est
1241 2721 1421 2760 desidia?
1468 2722 1542 2759 Est
1565 2721 1667 2758 enim
1695 2734 1788 2759 vero

317 2787 468 2825 desidia
485 2795 522 2824 et
544 2788 695 2838 ignavia
713 2785 1006 2831 inexcusabilis,
1029 2791 1068 2823 et
1088 2783 1324 2835 parsimonia
1344 2782 1539 2834 ignobilis,
1569 2782 1788 2833 (Originem

317 2850 460 2900 malip.
479 2853 570 2888 249.
587 2857 625 2887 et
646 2862 685 2899 p.
707 2852 796 2889 705.
821 2847 986 2898 aperui.)
1024 2847 1083 2883 Tu
1105 2859 1196 2884 vero
1218 2858 1265 2883 ne
1283 2843 1519 2883 Wolfianum
1542 2843 1700 2893 quidem
1722 2857 1788 2882 ex-

317 2911 485 2961 emplum
504 2911 694 2948 sincerum
707 2909 927 2948 reddidisti.
949 2907 1284 2959 Flagitiosissimas
1300 2919 1477 2956 quasque
1493 2904 1578 2954 ejus
1598 2906 1787 2944 lectiones

319 2985 405 3010 cum
427 2971 610 3022 relinquis
632 2972 825 3018 immotas,
843 2977 882 3011 et
902 2970 1021 3010 tradis
1042 2969 1222 3021 posteris,
1243 2974 1362 3019 atque
1384 2966 1565 3006 obtrudis
1585 2967 1690 3006 velut
1709 2967 1788 3007 cla-
