1916 3340
328 215 377 255 14

365 331 439 352 ram.
455 323 509 357 64,
523 322 576 351 22.

322 363 497 404 αὐτόμολος]
520 361 688 402 ἐστιγμένος
702 363 870 404 αὐτόμολος.
887 366 941 400 38,
957 365 1009 394 96.

323 407 421 448 αὐτὸς]
445 407 485 442 δῖς
500 407 560 448 περὶ
574 407 623 436 τοῦ
638 406 724 437 αὑτοῦ
738 406 828 445 λέγειν
843 407 855 436 ὁ
870 406 954 440 αὐτὸς
973 406 1034 441 τοῖς

365 451 461 485 αὐτοῖς
477 451 608 481 vetitum
632 454 707 480 erat.
732 452 763 486 5,
788 452 839 481 33.
871 448 973 489 αΐρέσει
994 450 1034 491 τῇ

364 494 450 536 αὐτῇ,
460 494 571 524 eodem
583 492 723 530 consilio,
734 493 868 523 eundem
878 493 917 523 ad
928 493 1031 523 finem.

368 540 419 573 10,
438 538 489 567 1¹7.
511 536 599 577 μηδὲν
623 534 712 578 ἐκτίνῃ
738 535 833 573 αὐτὸς,
856 534 925 565 ἀλλ’
944 535 1033 576 ἕτερος

363 579 434 622 ὑπὲρ
447 580 544 611 αὐτοῦ.
562 583 615 617 11,
632 582 684 610 15.
706 579 797 616 αὐτοὶ,
813 577 1031 610 Athenienses.

364 624 394 654 οὗ
408 624 530 666 πάτριον
552 624 660 659 αὐτοῖς,
674 623 718 653 ita
732 623 878 653 usitatum
900 627 932 653 et
954 623 1032 653 anti-

364 677 426 708 quo
449 678 534 698 more
555 667 706 699 sancitum
728 664 862 696 Athenis
883 676 947 696 non
974 671 1030 696 est.

365 712 420 747 56,
441 713 494 742 33.
516 709 612 746 αὐτὸς,
634 709 725 740 solus.
747 711 800 745 60,
817 711 847 739 8.
870 709 1030 748 ἀφικνεῖται

365 753 431 794 πρὸς
441 754 530 793 ὑμάς,
544 751 637 784 οὐκέτι
652 751 685 782 δι’
696 751 837 792 ἀγγέλων,
853 750 922 782 ἀλλ’
936 751 1031 786 αὐτός.

363 799 418 832 67,
435 801 486 828 14.

321 839 554 881 αὐτοσχεδιάζειν
568 839 606 873 εἷς
620 840 660 870 τά
671 840 726 868 τῶν
739 837 873 869 *Ελλήνων
888 839 1030 878 σώματα,

362 888 459 913 artem
478 883 597 913 ruditer
617 887 648 912 et
674 882 785 922 supine
807 892 959 917 exercere,
979 887 1033 911 aut

363 927 430 967 ejus
446 925 606 957 discendae
620 925 792 966 periculum
807 925 908 956 facere
921 925 953 955 in
965 935 1032 956 cor-

365 969 491 1009 poribus
508 968 695 1000 Graecorum·
712 970 766 1003 76,
785 971 836 999 12.

320 1012 491 1052 αὖτόφωρον]
505 1011 641 1042 κλέπται
655 1010 704 1043 ἐπ’
713 1011 865 1052 αὐτοφώρῳ
878 1012 934 1042 τῶν
945 1010 1030 1052 δημο·

364 1054 429 1085 σίων
442 1056 603 1097 χρημάτων
616 1055 699 1089 ὄντες.
715 1057 770 1090 55,
786 1058 839 1086 152.

320 1100 460 1140 ἀφαιρεῖν]
485 1098 571 1130 ὄνησιν
587 1100 639 1133 τῆς
653 1098 837 1132 παιδοποιίας
854 1098 1029 1137 ἀφαιρεῖται.

363 1144 395 1179 3,
412 1145 443 1171 4.
467 1141 633 1181 ἀφελέσθαι
655 1141 717 1172 οὔτε
736 1143 784 1173 τῆν
803 1141 950 1176 ἀλήθειαν,
967 1140 1030 1171 οὔτε

375 1187 413 1216 ἢν
424 1184 449 1214 ἐν
464 1185 502 1227 τῇ
515 1185 596 1216 πόλει
611 1186 716 1225 φήμηι.
731 1187 763 1221 7,
780 1186 832 1215 30.
848 1182 1030 1225 ἀφαιρεῖσθαι

363 1229 401 1263 εἰς
416 1227 582 1269 ἐλευθερίαν.
600 1232 632 1266 9,
647 1230 701 1260 29.
716 1233 748 1259 et
766 1228 821 1258 ult.
839 1230 890 1264 10,
908 1230 938 1257 2.
961 1228 1031 1267 ἀφε-

364 1273 419 1300 λὼν
430 1271 476 1301 τὸν
490 1272 608 1311 κόμπον
622 1272 671 1302 καὶ
683 1273 732 1303 τὴν
746 1269 916 1310 ἀλαζονείαν.
933 1273 986 1306 68,
1000 1272 1032 1300 9.

364 1312 394 1344 οὗ
409 1317 457 1345 τήν
472 1317 608 1353 γλῶτταν
624 1314 669 1345 ἐάν
682 1326 737 1350 τις,
752 1315 846 1354 ὥσπερ
861 1316 915 1344 τῶν
930 1313 1033 1348 αὐλῶν,

363 1356 476 1397 ἀφέλοι,
489 1357 522 1387 τὸ
537 1357 631 1389 λοιπὸν
642 1357 714 1388 οὐδέν
725 1356 800 1387 ἔστι.
817 1359 870 1393 86,
889 1359 939 1388 ⁶29.
963 1357 1034 1394 ἀφε-

364 1402 418 1430 λὼν
432 1403 479 1432 τῆν
494 1401 652 1440 ἀλαζονείαν
665 1401 713 1430 καῖ
731 1399 776 1431 τόν
790 1399 900 1440 κόμπον
914 1400 964 1429 τοῦ
978 1398 1034 1437 ψη-

363 1443 522 1483 φίσματος.
540 1446 591 1481 87,
600 1446 654 1475 35.

321 1487 440 1528 ἀφανὴς]
467 1487 615 1528 διατριβὰς
633 1488 679 1517 οὐκ
695 1486 810 1526 ἀφανεῖς
831 1483 974 1525 διατρίέω,
989 1484 1034 1515 vi-

364 1535 426 1560 tam
443 1541 501 1571 ago
514 1541 577 1560 non
593 1531 766 1566 obscuram,
777 1529 810 1560 in
821 1528 896 1559 locis
907 1528 1034 1559 claude-

364 1574 449 1604 stinis
464 1584 534 1604 cum
554 1574 729 1604 hominibus
752 1572 897 1603 sordidis.
914 1574 966 1607 17,
985 1574 1034 1602 13.

365 1615 520 1647 κατέλιπον
535 1617 630 1650 αὑτοῖς
644 1619 693 1648 τὴν
707 1617 745 1650 εἰς
764 1614 797 1646 τό
813 1613 917 1655 ἀφανὲς
932 1615 1034 1654 ἀναφο-

366 1660 423 1699 ράν.
445 1663 498 1697 41,
518 1664 571 1692 41.
594 1659 687 1700 ψῆφος
708 1661 813 1700 ἀφανὴς
835 1657 960 1700 φέρεται.
981 1661 1034 1694 87,

367 1705 418 1734 13·

322 1745 462 1787 ἀφανίζειν
478 1746 606 1788 ἀργύριον,
617 1746 781 1787 pecuniam
798 1745 968 1776 absumere.
982 1746 1034 1779 14,

366 1793 419 1822 94.
441 1790 582 1831 ἀφανίζειν
601 1792 649 1821 τὴν
666 1787 769 1820 οὐσίαν.
793 1791 845 1825 14,
860 1790 912 1818 38.
935 1786 1035 1828 ἀφανί-

362 1833 418 1871 ζειν
433 1833 567 1863 ναυτικόν.
582 1834 635 1869 85,
650 1835 704 1864 31.

321 1875 450 1916 ἀφθονία]
467 1875 589 1917 ἀφθονίᾳ
610 1875 636 1906 ἐν
650 1875 766 1916 τοιαύτῃ
787 1874 832 1905 ὧν.
847 1876 877 1910 8,
894 1876 946 1904 40.
969 1872 1035 1904 εῖναι

366 1918 414 1948 ἐπὶ
428 1922 535 1953 πολλῆς
545 1918 697 1957 ἀσελγείας
707 1919 754 1948 καὶ
767 1916 905 1957 ἀφθονίας.
918 1919 971 1951 15,
981 1919 1034 1948 33.

322 1961 449 2003 ἄφθονος]
473 1964 577 2000 πηγὰς
599 1963 686 2000 λόγων
705 1960 840 2001 ἀφθόνους
853 1959 928 2002 ἔχειν
947 1959 1036 1998 ἔνιηγᾗ

367 2005 500 2044 γέλλετο.
515 2008 569 2042 31,
585 2009 617 2037 3.
640 2004 685 2035 ἐὰν
706 2007 749 2045 μὴ
770 2004 958 2034 καταλύσητε
981 2006 1037 2038 τὰς

367 2049 504 2087 ἀφθόνους
517 2048 630 2083 ταύτας
646 2049 755 2088 δωρεάς.
771 2050 826 2083 79,
844 2049 873 2078 9.

323 2090 448 2133 ἀφιέναι]
473 2090 617 2132 ἀφίεσθαι
641 2090 740 2130 λόγων,
763 2090 936 2127 discedere,
951 2090 1036 2120 aber-

366 2145 433 2166 rare
468 2135 507 2165 ab
537 2134 734 2176 argumentis,
761 2133 1035 2175 disputationibus.

366 2180 420 2213 25,
442 2181 494 2209 22.
523 2177 642 2217 ἀφεθεὶς
663 2178 726 2209 ἄνευ
756 2177 872 2217 λύτρων.
902 2178 957 2213 30,
986 2179 1034 2207 16.

364 2220 501 2261 «ἐφίεσθαί
512 2221 584 2256 τινός
597 2233 661 2258 τινι,
672 2221 784 2252 cedere
799 2219 892 2250 alicui
907 2220 1034 2261 aliquid.

365 2266 425 2299 τοῖς
448 2265 600 2306 τριάκοντα
626 2267 679 2300 τῆς
705 2261 897 2305 δημοκρατίας
922 2262 1036 2303 ἀφεμέ-

364 2319 431 2342 νους.
449 2311 503 2345 38,
519 2312 571 2340 14.
593 2307 671 2348 μήθ’
686 2306 743 2338 ὅθεν
753 2309 839 2348 φωνην
852 2303 963 2345 ἀφίησι.
980 2309 1036 2343 40,

367 2355 398 2382 1.
420 2351 656 2392 ὑποκηρυξάμενοί
675 2362 746 2385 τινες
764 2352 830 2385 τοὺς
844 2349 949 2380 ἑαυτῶν
964 2349 1035 2379 οἰκέ-

366 2406 422 2429 τας
440 2394 561 2435 ἀφίεσαν
582 2393 804 2434 ἀπελευθέρους.
821 2395 875 2429 59,
891 2394 943 2423 025.
967 2393 1035 2423 ὑπο-

365 2437 504 2472 σπόνδους
521 2436 652 2478 ἀφίεσαν.
677 2440 729 2474 66,
753 2439 805 2468 15.
827 2436 932 2476 δάκρυα
953 2435 1035 2476 ἀφιέ-

363 2493 416 2511 ναι.
432 2484 485 2518 75,
506 2483 558 2512 23.
582 2479 696 2520 ἀφίησιν
715 2480 745 2522 (ὁ
768 2480 855 2520 δῆμος
868 2480 934 2512 τοὺς
954 2478 1035 2510 νεανί-

365 2524 467 2567 σκους)
482 2523 643 2567 τρέπεσθαι
667 2523 723 2554 ἐπὶ
743 2522 784 2553 τοὶ
809 2522 914 2553 ἑαυτῶν
933 2522 1037 2564 ἀγαθῇ

365 2567 453 2609 τύχῃ.
466 2571 522 2604 75,
532 2570 585 2599 33.
600 2566 721 2606 ἀφιέναι,
733 2565 903 2597 absolvere.
917 2568 970 2601 86,
980 2569 1033 2597 34.

322 2611 515 2654 ἀφικνεῖσθαι]
538 2611 575 2645 εἷς
594 2608 698 2647 τοῦψον
714 2610 831 2651 (forum
854 2608 1036 2650 piscarium)

365 2655 501 2694 ἀφῖκται.
519 2656 549 2690 9,
565 2656 618 2684 41.
640 2653 732 2687 ὄνειδος
751 2651 785 2683 τὸ
810 2651 910 2690 ψευδὲς
933 2652 961 2682 οὐ
983 2663 1033 2683 πε-

365 2696 482 2738 ραιτέρω
502 2699 552 2731 τῆς
566 2698 649 2731 ἀκοῆς
662 2697 834 2736 ἀφικνεῖται.
851 2697 904 2730 48,
920 2697 972 2725 19.
996 2696 1034 2729 εἷς

364 2743 414 2772 τὴν
439 2739 581 2781 μεγίστην
610 2737 732 2781 ἀπορίαν
757 2737 941 2779 ἀφικνεῖσθαι
970 2739 1035 2772 τοὺς

365 2784 545 2824 κατηγόρους.
558 2783 613 2819 55,
629 2785 681 2812 10.
703 2782 865 2822 ἀφικνεῖται
878 2780 945 2821 πρὸς
957 2781 1033 2821 ὑμᾶς

365 2826 457 2857 οὐκέτι
482 2825 516 2856 δι’
541 2826 681 2865 ἀγγέλων,
705 2824 774 2855 ἀλλ’
789 2824 884 2858 αὐτός.
908 2826 961 2860 67,
982 2829 1031 2856 14.

365 2869 529 2910 πυλαγόρων
554 2871 609 2899 τῶν
631 2869 668 2903 εἷς
684 2869 811 2909 Δελφοὺς
828 2866 1033 2908 ἀφικνουμένων

364 2912 452 2947 ἐνίους.
469 2915 522 2949 69,
532 2915 584 2944 30.

318 2958 480 2998 ἀφεστέιναι
496 2957 569 2986 πολὺ
584 2957 638 2985 τῶν
653 2955 782 2986 τοιούτων
797 2954 889 2995 ἔργων.
908 2956 960 2990 28,
980 2957 1030 2985 13.

363 3001 528 3030 ἀποστῆναι
543 2998 717 3038 ἀπολογίας,
731 2999 853 3029 missam
862 2998 964 3028 facere
975 2998 1029 3028 de-

360 3041 542 3074 fensionem.
563 3045 614 3080 28,
632 3046 684 3074 241.
719 3044 887 3079 ἀποστῆναι,
906 3041 1027 3080 cedere,

757 212 950 256 INDEX
985 212 1364 256 GRAECITATIS

1111 321 1293 358 concedere,
1303 321 1428 352 missum
1439 320 1531 352 alicui
1543 322 1654 359 facere,
1666 321 1777 358 abste-

1109 369 1180 397 ηπ.
1198 367 1250 401 32,
1274 367 1327 396 30.
1362 365 1532 405 ἀφιστάναι,
1554 365 1711 406 impellere
1735 368 1775 397 ad

1109 407 1327 438 defectionem.
1350 409 1387 438 σὺ
1411 410 1465 448 γὰρ
1482 408 1516 438 ἀν
1529 408 1627 448 κώμην
1648 409 1776 439 ἀποστη-

1107 453 1197 491 opt-‚¹7
1201 453 1293 489 7,31.
1311 450 1525 492 πραγματείας
1537 451 1708 494 ἀποστήσῃ.
1724 453 1778 488 88,

1063 536 1231 578 ἀφομοιοῦν]
1254 537 1389 577 ἀφομοιοῖ
1400 548 1459 577 μου
1472 537 1521 569 τὴν
1535 535 1618 577 φύσιν
1638 536 1705 571 ταῖς
1719 548 1776 568 σει-

1105 581 1176 620 ρῆσι.
1198 582 1251 616 86,
1267 583 1317 610 17.

1062 621 1211 664 ἀφόρητος]
1251 622 1396 664 ὑπομένειν
1424 621 1609 663 Δημοσθένην
1644 621 1779 664 ἀφόρητον

1106 665 1182 696 ὄντα.
1198 669 1252 702 30,
1264 668 1320 697 ult.
1349 666 1436 707 βαρὺς
1455 666 1504 696 καὶ
1522 665 1657 707 ἀφόρητος
1677 664 1776 708 ἄνθρω-

1106 719 1169 743 πος.
1180 711 1234 745 31,
1252 713 1281 740 1.

1063 751 1251 792 ἀφορίζεσθαι
1262 751 1362 793 καιρὸν,
1375 752 1522 793 temporis
1533 751 1667 793 aliquem
1678 751 1777 782 ambi-

1108 801 1173 825 tum
1198 796 1336 831 definire,
1363 795 1508 827 claudere
1528 795 1633 837 aliquo
1662 795 1777 837 insigni

1107 843 1231 868 evento.
1245 841 1298 875 61,
1313 841 1366 870 19.

1063 882 1195 923 ἀφορμςῖν
1208 881 1309 918 οἴκαδε,
1325 882 1357 912 in
1380 881 1462 912 viam
1485 892 1518 913 se
1540 882 1626 918 dare,
1651 881 1777 912 domum

1107 925 1260 955 redeundi
1276 935 1360 967 ergO.
1377 926 1430 961 33,
1448 927 1500 956 22.

1063 969 1210 1009 ἀφοσιοῧν]
1241 969 1350 1008 ἀφοσιῶ
1375 970 1424 998 τῆν
1452 966 1591 1010 ἡμετέραν
1620 965 1709 998 πόλιν
1737 969 1778 998 τά

1107 1010 1174 1052 πρὸς
1194 1011 1278 1048 θεοὺς,
1300 1010 1456 1042 satisfacio
1471 1022 1541 1052 ego,
1560 1011 1629 1042 loco
1644 1010 1778 1042 civitatis

1108 1065 1196 1091 meae,
1216 1054 1339 1095 juribus
1369 1054 1429 1084 illis
1459 1054 1600 1085 omnibus
1626 1060 1658 1084 et
1674 1054 1779 1090 sacris,

1108 1109 1178 1139 quae
1198 1098 1257 1128 diis
1281 1098 1433 1132 debentur
1452 1108 1469 1128 e
1494 1097 1642 1139 religione
1670 1097 1782 1138 patria,

1109 1151 1239 1181 eamque
1254 1142 1412 1172 civitatem
1427 1151 1526 1171 meam
1538 1151 1593 1181 pro
1607 1145 1695 1182 parte
1711 1151 1781 1171 mea

1065 1227 1218 1269 ἀφροσύνη]
1242 1228 1290 1258 τήν
1299 1239 1332 1266 γε
1345 1225 1529 1258 θεοέλάξειαν
1539 1226 1587 1257 καὶ
1599 1227 1647 1258 τὴν
1661 1225 1783 1267 ἀφροσύ-

1109 1282 1151 1302 νην
1165 1271 1213 1301 οὖκ
1228 1269 1408 1311 ἀνθρωπίνως,
1418 1272 1498 1301 ἀλλά
1513 1268 1659 1311 δαιμονίως
1670 1270 1781 1301 κτησά·

1109 1325 1197 1354 μενοι.
1213 1316 1267 1351 72,
1279 1316 1333 1345 32.

1068 1356 1195 1397 ἄφυκτος
1211 1356 1300 1396 λόγος,
1316 1361 1529 1398 argumentum
1549 1355 1712 1395 invictum,
1725 1366 1780 1387 cu-

1106 1400 1159 1441 jus
1175 1400 1222 1429 vis
1238 1400 1390 1440 stringens
1406 1399 1502 1441 effugi
1516 1404 1549 1430 et
1563 1399 1712 1430 declinari
1727 1409 1781 1429 ne-

1111 1443 1188 1483 quit.
1200 1444 1253 1478 56,
1272 1446 1325 1474 14.
1522 1449 1527 1453 '

1069 1486 1190 1527 ἀφωνος]
1212 1487 1252 1515 τὰ
1281 1485 1379 1526 ἄφωνα
1397 1484 1446 1515 καὶ
1469 1485 1627 1526 ἀγνώμονα,
1646 1489 1682 1516 ut
1697 1496 1782 1522 saxa,

1112 1530 1209 1570 tigna,
1224 1539 1324 1559 enses.
1341 1531 1393 1564 88,
1409 1531 1464 1559 37.

1069 1573 1244 1614 ἀχάριστος]
1279 1570 1416 1613 πόρρωθεν
1441 1571 1611 1613 ἀχάριστος,
1634 1573 1700 1611 jam
1724 1572 1783 1602 du—

1113 1616 1197 1651 dum,
1221 1615 1261 1645 ab
1288 1615 1401 1646 ultimis
1423 1615 1498 1646 inde
1520 1616 1721 1656 temporibus,
1736 1616 1783 1646 in-

1111 1664 1226 1699 gratus.
1236 1659 1290 1694 48,
1306 1660 1359 1689 13.

1067 1701 1227 1743 ἀχρηστος]
1252 1700 1459 1742 ἀχρηστότατε
1469 1699 1535 1742 πρδς
1548 1703 1588 1732 τὰ
1599 1701 1721 1742 μεγάλα
1735 1701 1784 1731 καῖ

1110 1745 1253 1775 σπουδαῖα
1268 1747 1322 1775 τῶν
1334 1745 1526 1786 πραγμάτων.
1545 1745 1599 1781 75,
1609 1747 1661 1775 16.

1069 1786 1208 1826 ἀψευδεῖν.
1226 1791 1317 1824 81,8.
1340 1787 1472 1826 ἀψευδεῖν
1502 1786 1570 1828 πρός
1598 1799 1674 1825 τινα,
1697 1789 1780 1819 bona

1112 1832 1174 1861 fide
1189 1841 1260 1862 cum
1273 1831 1378 1872 aliquo
1391 1841 1491 1872 agere.
1515 1833 1570 1866 40,
1582 1832 1636 1862 40.

1068 1872 1191 1911 ἀψευδής
1206 1886 1250 1908 τις
1264 1873 1329 1904 ἀπὸ
1345 1874 1535 1914 ταύτομάτου
1557 1875 1713 1905 πλανᾶται
1733 1874 1784 1915 φη-

1076 1954 1077 1957 Ὶ
1111 1929 1154 1957 μη
1171 1920 1251 1948 κατὰ
1266 1919 1314 1948 τὴν
1330 1917 1422 1948 πόλιν.
1448 1920 1500 1953 18,
1511 1919 1543 1946 7.

1069 1958 1229 2003 ἁψιμαχίαι
1242 1962 1297 1992 τῶν
1310 1960 1432 2002 ῥητόρων.
1450 1961 1504 1998 51,
1521 1961 1574 1991 37.

1415 2095 1448 2120 Β.

1068 2174 1305 2216 Βαλαντιοτόμος.
1328 2175 1372 2206 sic
1387 2175 1630 2207 Demosthenem
1646 2175 1785 2217 appellat

1113 2219 1296 2250 AEschines.
1314 2221 1368 2256 83,
1384 2221 1436 2249 28.

1069 2261 1223 2304 ΒάρΒαρος]
1246 2265 1302 2292 τῶν
1333 2265 1438 2304 τειχῶν
1467 2260 1521 2292 ὑπό
1552 2263 1607 2292 τῶν
1638 2261 1785 2303 Βαρβάρων

1112 2305 1314 2336 πεπτωκότων.
1331 2307 1385 2341 51,
1401 2308 1453 2336 11.
1477 2304 1616 2346 βάρβαρος
1631 2303 1783 2335 ἐπιστολή.

1111 2348 1290 2389 κατέπεμψε
1304 2349 1349 2389 τῷ
1359 2349 1439 2389 δήμω
1449 2347 1621 2390 (allegavit,
1639 2347 1733 2384 misit,
1745 2358 1783 2378 ex

1111 2391 1189 2423 Asia
1200 2390 1363 2433 superiori)
1377 2391 1529 2423 ἒπιστολῆν
1542 2390 1590 2422 καὶ
1604 2391 1692 2432 μάλα
1706 2390 1784 2431 ὑβρι-

1111 2437 1211 2467 στικὴν
1221 2435 1269 2466 καὶ
1281 2435 1428 2476 Βάρβαρον.
1441 2436 1495 2472 87,
1505 2434 1561 2465 ult.
1584 2435 1785 2474 ἀντιπράττειν

1111 2480 1193 2517 μετὰ
1207 2481 1263 2509 τῶν
1273 2478 1420 2520 βαρβάρων
1433 2478 1493 2512 τοῖς
1505 2476 1657 2509 “Ἐλλησιν.
1665 2480 1719 2514 90,
1730 2479 1782 2509 30.

1068 2519 1169 2562 ἕαρέως
1181 2523 1229 2554 τὴν
1245 2520 1339 2552 αἰτίαν
1353 2521 1464 2560 ἤνεγκα.
1480 2523 1533 2557 28,
1556 2523 1608 2551 19.

1068 2564 1209 2606 Βαρὺςκαῖ
1221 2564 1355 2606 ἀφόρητος
1368 2563 1521 2606 ἅνθρωπος.
1533 2566 1586 2598 31,
1598 2566 1628 2592 1.
1651 2564 1783 2605 παγκρά-

1110 2619 1178 2644 τιον,
1197 2607 1212 2639 ἢ
1228 2608 1301 2638 ἄλλο
1317 2619 1348 2638 τι
1363 2609 1417 2637 τῶν
1431 2605 1588 2647 βαρυτέρων
1606 2605 1716 2637 ἄθλων.
1726 2609 1782 2643 79,

1110 2653 1162 2682 25.
1186 2651 1333 2692 βαρύτερον
1356 2653 1412 2680 τῶν
1439 2649 1531 2690 ἔργων,
1548 2646 1583 2680 οἷν
1600 2648 1781 2686 πεπόνθατε,

1110 2693 1143 2723 τὸ
1158 2694 1291 2734 ἀκρόαμα
1303 2693 1441 2732 γίγνεται.
1459 2695 1512 2728 88,
1528 2694 1580 2722 16.

1067 2736 1204 2778 βάσανος]
1227 2736 1281 2767 οὐδ’
1295 2737 1327 2766 ἀν
1343 2744 1426 2776 φησιν
1447 2734 1473 2766 ἒν
1494 2734 1626 2770 ξασάνοις
1646 2734 1780 2776 ἀνδραπό-

1109 2780 1159 2810 δων
1173 2779 1317 2818 γίνεσθαι,
1342 2784 1448 2820 negat,
1478 2789 1510 2810 se
1536 2788 1659 2809 causam
1684 2778 1782 2808 fortu-

1109 2833 1226 2864 nasque
1252 2833 1321 2853 suas
1351 2822 1476 2853 indiciis
1499 2821 1724 2863 mancipiorum
1749 2821 1782 2851 vi

1108 2871 1326 2897 tormentorum
1355 2863 1508 2906 expressis
1537 2864 1782 2896 commissurum.

1108 2910 1161 2945 45,
1170 2912 1198 2940 8.
1213 2907 1348 2943 Caffo'tvovc
1358 2907 1520 2942 ἐπάἶτίοιις
1528 2907 1678 2946 ἀγενήτοις.
1689 2909 1742 2943 86,
1752 2911 1767 2937 1
1775 2915 1790 2938 .’

1064 2952 1238 2994 Βασιλεύειν]
1262 2954 1323 2992 ἀνῆρ
1343 2954 1397 2992 γὰρ
1421 2951 1530 2985 ἰδιώτης
1551 2950 1576 2981 ἓν
1591 2949 1680 2981 πόλει
1697 2950 1782 2991 δημο-

1105 2995 1276 3037 κρατουμένῃ
1290 2995 1366 3036 νόμῳ
1388 2995 1436 3025 καὶ
1457 2993 1542 3035 ψήφῳ
1565 2992 1723 3028 Βασιλεύει,
1746 2993 1779 3023 in

1106 3039 1274 3081 republica,
1296 3048 1365 3081 quae
1390 3038 1532 3071 libertate
1555 3042 1587 3069 ct
1604 3036 1673 3078 jure
1696 3036 1779 3067 civili
