1899 3322
726 457 754 510 Ι
784 457 837 511 Ν
867 457 922 511 D
952 457 1002 511 E
1032 456 1087 511 X

463 582 684 625 LEGUM
720 582 800 624 ET
830 579 1360 623 PSEPHISMATUM,

184 813 360 851 Διονυσιοιιός
373 813 465 856 νόμος,
481 816 521 847 de
537 815 740 847 Liberalibus.
756 818 810 853 58,
825 819 878 847 36.

183 859 283 900 Leges
298 858 338 888 de
353 859 522 890 oratoribus
538 861 776 891 concionaturis.
793 863 826 897 4,
840 862 894 890 40.

226 904 280 938 26,
296 904 348 932 27.
372 904 426 938 53,
443 903 560 952 penult.

184 944 284 994 Leges
304 945 345 976 de
369 946 581 986 prostitutione
600 946 733 987 corporis
758 945 896 976 meretri-

227 987 286 1019 cia.
303 991 333 1026 2,
349 991 400 1019 41.
423 991 455 1024 3,
472 991 502 1020 7.
537 990 598 1031 περὶ
620 991 671 1025 τῆς
693 989 801 1030 φὲοςᾶς
823 999 895 1026 una,

227 1036 260 1061 et
274 1031 367 1062 altera
379 1032 440 1072 περὶ
455 1035 506 1067 τῆς
520 1030 722 1074 προαγωγείας.

183 1074 284 1116 Leges
299 1075 339 1105 de
354 1075 522 1106 rhetoribus
544 1087 599 1118 pro
622 1076 771 1108 concione
795 1075 895 1106 dictu·

226 1118 279 1148 ris.
295 1118 327 1153 5,
339 1121 392 1149 31.
408 1128 455 1158 sq.

184 1161 284 1202 Leges
299 1161 338 1191 de
349 1162 460 1192 studiis
476 1167 508 1193 et
523 1162 638 1194 artibus
655 1171 822 1192 servorum.
841 1163 895 1197 19,

228 1206 280 1234 2¹4.
295 1215 343 1245 sq.

184 1247 286 1287 Leges
307 1247 473 1284 Draconis,
489 1247 622 1284 Solonis,
645 1248 832 1288 aliorumque
855 1248 896 1277 de

227 1290 359 1330 pudore.
375 1295 406 1325 1,
417 1296 563 1331 antepen.
586 1291 627 1321 de
640 1292 804 1331 disciplina
820 1301 896 1331 pue-

227 1332 286 1363 rili.
303 1335 333 1363 2.
357 1338 434 1364 tota.

185 1375 286 1417 Leges
305 1377 375 1406 duae
399 1377 441 1406 de
462 1377 744 1408 renunciationibus
768 1386 896 1407 corona·

229 1429 308 1449 rum.
323 1421 377 1454 58,
388 1421 442 1450 38.

186 1460 286 1503 Leges
312 1463 418 1493 mortis
443 1473 567 1503 poenam
589 1463 647 1493 furi
670 1463 815 1493 sanciunt
837 1461 898 1503 ipsi

228 1505 400 1535 confitenti.
414 1508 466 1541 16,
484 1509 534 1536 10.

185 1548 286 1590 Leges
300 1548 362 1589 πεςὶ
375 1547 538 1588 eximo-plac.
551 1551 584 1585 4,
599 1551 630 1579 8.

187 1591 287 1632 Leges
301 1592 362 1631 πεςῖ
377 1594 431 1622 τῶν
446 1591 607 1623 ὑπευθύνων.
623 1593 678 1627 55,
693 1592 724 1623 5.

187 1634 286 1675 Leges
296 1634 417 1665 Solonis
426 1635 466 1665 de
475 1636 594 1676 pudore
603 1635 773 1666 mulierum.
781 1637 835 1670 26,
846 1638 898 1665 10.

186 1677 287 1719 Leges
299 1677 420 1709 Solonis
431 1679 557 1709 easdem
573 1689 681 1720 poenas
698 1678 852 1714 sanciunt,
868 1684 901 1708 et

231 1721 324 1761 plane
336 1731 398 1751 non
414 1723 538 1753 exeunti
553 1722 585 1752 in
609 1721 852 1763 expeditionem,
868 1728 901 1751 et

232 1763 416 1805 relinquenti
424 1765 532 1796 aciem.
548 1767 602 1801 78,
616 1769 669 1796 41.

189 1807 290 1847 Leges
303 1808 424 1837 veniam
440 1807 472 1838 in
488 1809 638 1840 concione
655 1808 781 1839 dicendi
806 1818 900 1849 nega-

235 1850 311 1880 bant
323 1846 482 1891 flagitiosis
498 1857 530 1882 et
544 1851 681 1900 impuris
700 1854 799 1887 1,13.

191 1893 258 1924 Lex
268 1894 308 1923 de
324 1904 439 1924 corona
454 1905 546 1925 aurea
559 1894 593 1925 in
615 1896 736 1926 theatro
758 1894 901 1926 renunci-

235 1941 296 1967 ata.
320 1939 372 1973 60,
389 1938 420 1967 9.

192 1979 258 2009 Lex
273 1980 314 2010 de
328 1981 477 2021 corruptis
491 1981 644 2022 ingenuis.
662 1983 694 2017 2,
708 1983 762 2012 36.

193 2023 259 2052 Lex
273 2023 336 2053 de'
329 2023 377 2059 lis,
397 2024 451 2064 qui
474 2024 534 2065 ipsi
556 2034 667 2065 corpus
690 2024 769 2055 ultro
791 2024 903 2065 prosti-

237 2065 376 2096 tuissent.
400 2070 420 2098 3
425 2068 504 2103 ,31

193 2108 258 2140 Lex
273 2109 314 2140 de
325 2110 564 2151 magistratibus,
576 2110 734 2151 quomodo
751 2110 839 2146 inire,
851 2120 904 2151 ge-

237 2163 303 2184 rere
332 2153 474 2190 honores,
505 2159 536 2183 et
562 2154 714 2184 rationem
745 2153 786 2183 de
811 2153 905 2195 gestis

237 2197 313 2227 dare
325 2196 471 2227 debeant.
487 2198 542 2233 55,
558 2199 613 2227 40.
627 2207 674 2238 sq.

195 2239 260 2270 Lex
281 2238 483 2280 Hegemonis,
505 2241 545 2271 de
576 2240 756 2281 separandis
779 2239 906 2281 quibus-

239 2283 311 2313 dam
325 2282 503 2314 honoribus.
517 2285 570 2320 5⁷,
586 2285 638 2314 25.

195 2325 280 2362 Lex,
295 2335 335 2356 ne
349 2326 474 2357 civitate
487 2332 577 2357 exeat
599 2327 815 2368 peregrinandi
834 2337 907 2368 ergo

239 2368 434 2410 magistratus
459 2371 596 2401 nondum
624 2371 749 2401 reddita
778 2370 905 2402 ratione.

965 817 1019 851 56,
1038 818 1078 846 37

927 858 992 889 Lex
1004 869 1066 888 non
1080 858 1153 889 sinit
1163 857 1196 888 in
1210 857 1295 889 curia
1311 857 1429 898 ejurare
1440 857 1606 890 electiones
1621 871 1639 890 a

971 901 1088 943 populo
1105 902 1213 931 factas.
1231 904 1283 937 40,
1295 902 1348 931 36.

927 940 993 975 Lex
1010 944 1078 985 weg}
1095 956 1165 978 ‘tre'
1160 944 1271 985 ἶΒρεως
1283 947 1314 980 3,
1329 947 1359 975 9.

928 988 992 1018 Lex
1017 988 1167 1023 sanciens,
1191 988 1298 1028 quavis
1329 986 1480 1018 concione
1507 988 1642 1020 assidere

970 1030 1084 1061 tribum
1101 1036 1183 1061 sorte
1203 1031 1341 1066 ductam,
1356 1041 1426 1072 quae
1449 1037 1535 1061 curet
1557 1032 1641 1072 leges

973 1074 1137 1105 observari.
1157 1076 1188 1110 5,
1205 1077 1256 1104 21.
1275 1077 1327 1104 22.
1350 1074 1449 1114 legem
1464 1074 1545 1106 hanc
1563 1086 1642 1107 vers.

973 1120 1025 1149 29.
1050 1117 1188 1159 appellat
1210 1116 1256 1158 ςτόν
1279 1116 1339 1157 mg?
1362 1119 1413 1151 τῆς
1435 1116 1575 1158 πξοεδρίας
1591 1121 1645 1148 vim

972 1164 1076 1200 φυλῶν.

929 1203 995 1233 Lex
1017 1210 1135 1239 vetans,
1162 1204 1385 1244 magistratum,
1415 1204 1554 1234 nondum
1576 1206 1646 1234 red-

973 1247 1040 1277 dita
1056 1247 1185 1282 ratione,
1203 1248 1285 1278 bona
1302 1257 1356 1277 sua
1371 1247 1431 1277 deo
1455 1258 1648 1283 consecrare,

973 1300 1074 1330 neque
1092 1289 1253 1320 donarium
1270 1289 1427 1324 dedicare,
1443 1300 1545 1330 neque
1570 1292 1646 1320 ado-

973 1333 1065 1373 ptari,
1080 1343 1182 1374 neque
1195 1337 1412 1363 testamentum
1428 1333 1574 1364 scribere.
1591 1335 1646 1369 56,

931 1417 996 1448 Lex
1026 1424 1148 1453 vetans,
1179 1428 1360 1459 quenquam
1390 1419 1540 1455 coronari,
1571 1430 1648 1450 non-

974 1461 1048 1492 dum
1072 1461 1195 1492 reddita
1211 1462 1331 1492 ratione
1347 1461 1427 1502 gesti
1443 1462 1578 1493 honoris.
1593 1464 1648 1500 55,

931 1547 995 1578 Lex
1014 1552 1136 1584 vetans,
1157 1553 1308 1579 vectorem
1335 1547 1469 1588 amplius
1493 1549 1649 1580 navicula-

975 1591 1051 1621 riam
1068 1601 1224 1626 exercere,
1241 1591 1295 1632 qui
1312 1591 1343 1621 in
1360 1590 1489 1631 trajectu
1507 1593 1546 1622 ad
1564 1593 1650 1623 Sala-

977 1634 1091 1664 minem
1105 1645 1216 1664 navem
1234 1634 1406 1665 evertisset.
1423 1637 1478 1670 76,
1495 1639 1547 1665 11.

934 1676 1085 1708 Praeconii
1120 1677 1260 1713 formula,
1298 1687 1367 1708 cum
1407 1688 1507 1718 praeco
1543 1678 1651 1709 adole-

978 1727 1109 1756 scentes,
1127 1731 1256 1762 quorum
1276 1726 1380 1761 patres
1405 1731 1459 1761 pro
1480 1722 1579 1762 patria
1603 1723 1651 1752 di-

978 1763 1128 1795 micantes
1148 1764 1377 1801 occubuissent‚
1394 1764 1519 1804 publice
1543 1775 1649 1796 manu-

979 1807 1154 1843 mittuntur,
1171 1814 1202 1837 et
1228 1807 1343 1847 ephebi
1371 1808 1575 1838 declarantur.
1596 1810 1652 1845 ¹75,

979 1853 1031 1881 32.

936 1893 1120 1934 Psephisma
1137 1893 1412 1934 Cephisophontis.
1427 1895 1482 1929 37,
1495 1896 1549 1924 30.

937 1936 1121 1977 Psephisrua
1156 1936 1391 1972 Demosthenis,
1435 1937 1476 1968 de
1513 1937 1655 1978 legendis

981 1980 1137 2021 praefectis
1153 1990 1278 2020 operum
1296 1980 1498 2020 publicorum.
1515 1982 1569 2016 57,
1585 1984 1637 2012 37.

939 2023 1126 2063 Psephisma
1151 2023 1385 2057 Demosthenis,
1415 2023 1455 2053 de
1486 2024 1653 2063 prohedria

982 2066 1151 2106 legatorum
1168 2065 1321 2107 Philippi.
1340 2068 1395 2101 64,
1408 2067 1462 2096 32.

939 2109 1125 2150 Psephisma
1140 2110 1173 2139 in
1187 2109 1336 2140 honorem
1350 2109 1512 2140 AEschinis
1527 2109 1654 2141 sactum.

983 2155 1036 2188 51,
1048 2156 1078 2182 1.

939 2196 1137 2236 Psephisma,
1150 2206 1212 2236 quo
1227 2195 1357 2226 facultas
1379 2195 1453 2226 data
1476 2200 1524 2226 est
1546 2195 1655 2237 legatis

985 2239 1128 2280 Philippi
1140 2240 1181 2269 de
1197 2250 1275 2280 pace
1288 2239 1493 2270 commeandi.
1514 2242 1567 2274 29,
1581 2240 1652 2271 fine.

984 2285 1038 2318 30,
1054 2285 1085 2314 3.

943 2326 1160 2367 Psephismata
1192 2326 1337 2367 quaedam
1365 2327 1405 2357 ad
1445 2336 1554 2367 pacem
1583 2338 1654 2357 cum

986 2369 1136 2411 Philippo
1152 2370 1312 2402 facientia.
1323 2372 1376 2402 34.
1389 2374 1422 2401 et
1437 2371 1490 2401 35.
1505 2370 1539 2400 it..
1557 2372 1609 2401 36.
