1981 3322
558 185 641 228 DE
673 183 959 227 AESCHINE
993 183 1299 227 ORATORE.
1550 182 1667 225 xxvii

189 302 232 335 et
251 294 407 335 laudem
427 307 506 333 non
527 295 793 346 consequitur.
839 296 906 341 At,
928 294 997 345 qui
1017 293 1139 332 audet
1159 299 1200 332 et
1219 293 1374 332 lubrico
1395 293 1662 344 periculisque

189 372 232 397 se
251 358 478 409 committit,
500 357 655 396 tametsi
676 356 797 402 cadit,
817 356 934 394 facile
955 355 1109 395 veniam
1124 355 1286 394 invenit.
1319 354 1444 392 Fortis
1460 355 1563 393 enim
1581 356 1664 394 ani-

189 420 241 457 mi
261 426 302 458 et
319 419 498 470 generosi
525 431 664 468 magna
694 425 734 456 et
763 418 985 468 periculosa
1015 424 1216 469 appetere.
1274 416 1420 454 Timidi
1445 423 1484 454 et
1510 417 1663 455 humilis

187 481 428 532 cogitatione
446 479 608 532 periculi
628 479 790 517 victoria
811 479 966 518 cedere.
1002 480 1128 531 Igitur
1148 493 1199 517 ex
1221 478 1445 518 oratoribus
1463 491 1540 516 non
1563 491 1663 516 sem-

188 556 260 594 per
278 543 304 580 ii
325 543 552 594 probantur,
574 541 642 592 qui
662 547 853 579 consueta
872 548 913 579 et
934 541 1092 592 vulgata
1118 547 1352 592 sequuntur,
1381 540 1449 578 sed
1473 542 1542 590 qui
1561 553 1663 577 nova

188 611 308 655 atque
327 604 500 642 inaudita
517 609 717 653 promunt.
756 603 811 641 Ut
831 604 932 641 hanc
952 603 1110 641 laudem
1130 608 1397 654 consequatur
1417 608 1562 648 orator,
1578 614 1665 639 sen-

189 667 329 705 tentias
349 666 489 704 fundet
508 679 531 705 a
550 666 699 717 vulgari
719 665 1006 704 consuetudine
1026 665 1286 704 abhorrentes
1306 671 1347 703 et
1367 663 1479 715 quasi
1506 663 1662 713 pericu-

187 727 302 765 losas.
358 727 405 765 In
425 726 553 765 verbis
573 726 856 778 proprietatem
877 733 916 764 et
936 726 1229 764 similitudinem
1261 739 1342 764 non
1372 737 1513 776 magno
1543 737 1664 775 opere

185 788 351 832 curabit,
369 788 439 826 sed
459 788 577 826 animi
597 788 746 839 impetu
768 801 808 826 se
829 788 1002 838 patietur
1020 788 1162 840 abripi.
1202 788 1330 827 Modo
1351 801 1400 826 ne
1416 787 1457 826 id
1477 800 1582 837 saepe
1606 787 1663 825 fa-

185 850 276 896 ciat,
306 865 368 897 ne,
389 851 482 890 dum
512 851 658 889 audere
684 851 831 902 cupiat,
854 850 1034 890 videatur
1058 851 1243 890 insanire.
1302 850 1542 889 Laudandus
1568 863 1663 901 ergo

184 913 403 959 AEschines‚
426 913 494 964 qui
514 913 675 964 quidem
695 913 824 951 audax
845 919 907 951 est
933 918 974 951 et
1000 919 1131 952 tamen
1150 913 1351 952 modestus
1373 913 1552 958 habetur,
1573 924 1665 963 pro.

183 979 330 1024 pterea,
351 975 459 1026 quod
480 982 596 1014 caute
623 982 662 1014 et
691 975 981 1026 circumspecte
1001 980 1042 1013 et
1068 988 1158 1014 raro
1178 989 1202 1014 a
1222 974 1510 1015 consuetudine
1529 980 1570 1013 et
1594 987 1663 1012 na-

184 1041 272 1075 tura
292 1037 465 1075 recessit.
514 1039 701 1076 Putamus
723 1050 817 1075 vero
836 1036 1003 1075 audacia
1022 1049 1108 1075 esse
1128 1038 1242 1076 baec:
1275 1039 1323 1089 (κ.
1349 1038 1517 1089 Κτησιφ.
1535 1047 1564 1087 ς’.
1585 1037 1661 1088 μζ’.

185 1099 306 1148 med.)
335 1098 516 1151 διώμνυτο
543 1099 870 1147 (Demosthenes)
894 1100 962 1144 τὴν
988 1097 1176 1146 Ἀθηνᾶν,
1207 1103 1268 1147 ἣν,
1299 1103 1349 1142 ὡς
1381 1099 1488 1145 ἔοικε,
1514 1098 1664 1143 Φειδίας

183 1160 458 1213 ἐνεργολαβεῖν
476 1160 680 1213 εἰργάσατο
698 1162 759 1199 καὶ
776 1161 996 1212 ἐνεπιορκεῖν
1014 1161 1265 1213 Δημοσθένει,
1284 1160 1307 1208 ἦ
1326 1164 1415 1213 μὴν,
1438 1162 1470 1200 εἷ
1499 1178 1555 1205 τις
1577 1162 1663 1213 ἐρεῖ,

181 1226 233 1267 ὡς
251 1227 326 1276 χρὴ
344 1223 437 1275 πρὸς
452 1222 642 1262 Φίλιππον
663 1224 814 1276 εἰρήνην
834 1222 1084 1272 ποιήσασθαι,
1105 1225 1261 1272 ἀπάξειν
1281 1226 1334 1267 εἰς
1354 1224 1395 1262 τὸ
1415 1223 1663 1276 ἒεσμωτὴριον

179 1284 457 1337 ἐπιλαβόμενος
477 1292 549 1324 τῶν
567 1292 719 1339 τριχῶν.
776 1285 879 1324 Cum
900 1286 1004 1324 enim
1024 1285 1121 1325 dicit
1149 1286 1330 1325 Phidiam
1358 1286 1576 1324 Minervam
1607 1287 1663 1325 fe-

181 1348 297 1394 cisse,
318 1354 362 1387 ut
381 1348 669 1387 Demosthenes
700 1362 747 1387 ex
778 1361 824 1386 ea
852 1348 1005 1387 lucrum
1035 1362 1177 1400 capere
1207 1356 1248 1388 et
1279 1362 1350 1400 per
1370 1362 1455 1387 eam
1485 1349 1662 1400 pejerare

179 1420 328 1462 posset,
356 1411 568 1449 novitatem
600 1416 638 1449 et
668 1411 874 1450 audaciam
909 1411 1059 1462 prodit.
1117 1411 1266 1450 Eodem
1304 1412 1438 1459 modo,
1471 1425 1562 1450 cum
1593 1412 1661 1449 Ti-

181 1473 329 1512 marchi
359 1473 564 1512 avaritiam
583 1480 623 1512 et
641 1475 869 1525 peculatum
900 1473 1039 1524 carpit,
1061 1474 1248 1513 abhorret
1268 1488 1290 1512 a
1313 1488 1493 1513 sermone
1513 1475 1663 1527 vulgari

184 1540 223 1573 et
252 1537 464 1574 communi.
493 1541 542 1585 (κ.
562 1537 736 1588 Τιμάρχ,
757 1547 789 1586 ς.
809 1536 879 1585 κβ’.
899 1536 985 1585 fin.)
1014 1539 1213 1583 πολλάκις,
1246 1537 1390 1588 inquit,
1419 1536 1663 1589 ἐνεθυμήθην

183 1599 250 1643 τὴν
269 1598 447 1650 εὒτυχίαν
466 1600 534 1643 τὴν
553 1605 618 1643 τῆς
637 1600 818 1648 ἡμετέρας
839 1600 985 1640 πόλεως
1006 1601 1101 1635 κατ-(ἱ
1121 1602 1249 1636 πολλά
1271 1601 1343 1649 μὲν
1362 1601 1423 1636 καὶ
1445 1600 1567 1652 ἄλλα,
1591 1602 1664 1652 οὐχ

179 1662 312 1705 ἥκιστα
333 1660 372 1698 δὲ
391 1661 451 1696 καὶ
470 1663 564 1697 κατά
579 1666 709 1706 ταῦτα,
727 1660 785 1699 ὅτι
805 1662 882 1698 κατ’
899 1659 1062 1702 ἐκείνους
1082 1660 1167 1703 τούς
1185 1663 1348 1713 χρόνους
1369 1662 1487 1705 οὐδεὶς
1509 1664 1663 1712 ἐγένετο

181 1728 247 1767 τῆς
265 1721 451 1771 Ἀνδρίων
469 1723 615 1765 πόλεως
634 1722 765 1771 (cujus
786 1723 977 1760 habuerat
998 1722 1207 1773 imperium
1229 1724 1484 1775 Timarchus)
1511 1729 1664 1773 ὠνητής.

180 1781 282 1820 Nam
303 1784 481 1834 εὐτυχίας
501 1788 542 1821 et
562 1787 704 1830 ὠνητοῦ
725 1784 801 1823 hoc
822 1784 911 1822 loco
934 1785 1175 1823 mentionem
1206 1785 1353 1832 facere,
1376 1786 1556 1826 audacia.
1606 1789 1664 1826 Si-

130 1889 133 1895 l
178 1844 321 1883 militer
347 1845 386 1882 in
404 1844 533 1882 verbis
553 1845 683 1884 audax
704 1852 775 1892 est,
803 1852 847 1884 ut
870 1846 910 1884 in
930 1847 996 1885 illo
1015 1861 1026 1885 ε
1060 1850 1111 1897 (κ.
1140 1851 1304 1900 Κτησιφ.
1324 1849 1353 1889 ὗ.
1375 1848 1451 1898 oti.)
1470 1848 1663 1902 διατετμη-

181 1908 252 1950 κὼς
275 1909 343 1953 τὴν
368 1907 578 1954 πολιτείαν,
607 1915 648 1947 et
675 1911 727 1958 (κ.
747 1908 919 1962 Τιμάρχ.
944 1917 975 1960 §-
997 1909 1077 1960 13⁴¹.)
1110 1912 1152 1948 οὐ
1184 1912 1305 1963 μόνον
1335 1914 1544 1966 κατέφαγεν
1577 1917 1664 1964 (τὴν

179 1969 358 2021 πατρῴαν
377 1971 540 2019 οὐσίαν),
561 1973 662 2018 ἀλλ’,
682 1973 710 2009 εἶ
730 1969 810 2010 οἷόν
826 1973 856 2010 τ’
875 1974 1005 2019 εἰπεῖν,
1027 1974 1086 2009 καὶ
1107 1977 1296 2013 κατέπιεν.
1327 1974 1405 2012 Sed
1427 1975 1517 2013 talia
1537 1975 1661 2014 διανο-

177 2032 307 2080 ήματα
328 2033 488 2082 σκληρά,
511 2030 672 2080 αὐὲίιέη,
699 2032 922 2084 παράβολα,
949 2035 1363 2088 παρακεκινδυνευμένα
1383 2043 1490 2076 reete
1519 2038 1660 2088 praeci-

176 2093 290 2142 piunt
310 2094 486 2132 rhetores
508 2093 741 2144 θεραπείαις,
769 2099 1025 2149 παραμυθίαις
1046 2104 1085 2136 et
1104 2099 1357 2150 μειλίγμασιν
1385 2099 1577 2147 emollire,
1600 2107 1655 2145 et,

179 2160 224 2192 ut
249 2155 311 2193 ille
332 2156 425 2194 satis
445 2157 635 2195 audacter
654 2157 722 2205 ait,
742 2157 820 2197 οἷον
843 2161 1025 2210 ἁλμυριίν
1045 2161 1160 2206 ἀκοὴν
1194 2160 1486 2199 ἀποκλύσασθαι
1512 2166 1658 2214 ποτίμῳ

178 2218 296 2270 λόγῳ.
354 2218 458 2256 Huic
479 2219 555 2270 legi
581 2220 868 2271 obtemperavit
889 2222 1099 2260 AEschines
1128 2222 1314 2262 addendo
1344 2224 1471 2275 primo
1494 2223 1533 2261 iu
1554 2224 1656 2271 loco,

176 2283 227 2324 ὡς
246 2281 377 2332 ἔοικεν,
398 2286 439 2320 et
459 2281 598 2321 ultimo
620 2282 660 2323 in
680 2282 782 2329 loco,
804 2286 835 2322 εἰ
857 2282 936 2323 οἷόν
957 2287 987 2323 τ’
1007 2287 1138 2325 εἰπεῖν.

729 2434 946 2484 SECT.
999 2436 1095 2478 XI.

743 2526 809 2564 De
836 2526 1086 2565 vehementia.

233 2599 313 2644 Qui
331 2595 622 2650 persuasionem
640 2608 679 2641 et
695 2603 897 2642 victoriam
915 2605 1021 2643 omni
1038 2604 1156 2643 modo
1172 2604 1336 2656 appetit,
1351 2605 1418 2656 qui
1436 2604 1656 2643 auditorem

178 2674 255 2700 non
276 2669 428 2701 tantum
448 2663 580 2710 docet,
603 2664 673 2703 sed
697 2679 828 2704 secum
850 2667 953 2717 rapit
981 2674 1021 2705 et
1048 2667 1191 2714 aufert,
1211 2667 1330 2705 rebus
1358 2666 1516 2717 pondus
1545 2666 1656 2705 addit

177 2728 219 2760 et
236 2730 366 2774 auget,
387 2737 496 2763 reum
519 2726 694 2776 undique
717 2733 829 2777 urget
849 2734 888 2766 et
908 2729 1040 2777 instat,
1063 2742 1153 2779 quae
1183 2728 1218 2766 ei
1250 2734 1342 2766 sunt
1369 2728 1655 2779 impedimento

178 2785 283 2823 tollit
302 2792 342 2825 et
360 2787 514 2833 evertit,
537 2788 569 2825 is
591 2796 722 2827 orator
737 2803 826 2828 vere
843 2790 1052 2829 vehemens
1072 2791 1253 2829 habetur.
1311 2790 1391 2828 Hic
1412 2803 1432 2828 e
1451 2791 1656 2829 sententiis

178 2844 294 2896 eliget
323 2860 403 2895 eas,
434 2862 524 2899 quae
553 2850 603 2888 ad
633 2852 940 2890 commovendos
974 2853 1177 2891 hominum
1210 2851 1360 2890 animos
1392 2852 1471 2890 vim
1508 2853 1655 2891 habent

177 2906 398 2955 maximam,
419 2911 616 2950 auditores
637 2912 675 2951 in
691 2913 818 2951 aliena
834 2927 954 2952 causa
971 2913 1104 2961 faciet,
1122 2920 1164 2953 ut
1186 2913 1362 2965 timeant,
1383 2927 1518 2952 eorum
1535 2914 1653 2952 vitam

175 2965 399 3020 famamque
419 2972 594 3012 adducet
614 2974 651 3013 in
671 2974 897 3024 discrimen,
920 2976 968 3015 de
989 2976 1155 3029 fortunis
1177 2982 1217 3015 et
1239 2976 1363 3015 salute
1386 2983 1425 3014 et
1446 2975 1564 3014 rebus
1588 2988 1651 3014 ca-
