1966 3340
315 210 445 252 xxxvi
817 209 868 252 C.
900 209 946 251 F.
980 207 1274 250 MATTHAEI

313 314 541 353 narrationis
562 319 620 353 est
640 316 892 366 reprehensio
913 314 1191 353 Demosthenis
1210 321 1250 352 et
1279 313 1454 351 defensio
1473 314 1680 361 AEschinis,
1711 314 1781 365 qui

312 377 413 415 inter
433 377 583 427 legatos
603 378 689 415 illos
710 378 873 416 fuerant.
931 377 1034 421 Quia
1055 377 1120 426 huj
1129 390 1172 414 us
1191 374 1421 414 narrationis
1443 388 1559 426 supra
1569 376 1654 426 jam
1673 389 1779 415 men-

314 439 456 476 tionem
473 438 563 485 feci,
593 439 756 477 duarum
773 441 933 478 aliarum
956 438 1219 477 narrationum
1240 437 1415 487 exempla
1429 450 1586 487 ponam,
1615 444 1656 476 et
1684 438 1780 489 quid

314 500 352 536 in
370 499 414 536 iis
434 500 481 538 sit
496 501 744 550 probandum
762 501 982 551 explicabo.
1031 499 1260 537 Timarchus
1281 504 1362 536 erat
1383 498 1556 548 quidam,
1570 499 1685 538 homo
1700 513 1780 538 non

315 560 508 611 ignobilis,
526 569 658 600 orator
678 562 858 600 civitatis.
906 563 945 599 Is
967 574 1055 599 cum
1077 561 1340 598 Demosthene
1362 560 1555 598 AEschinis
1571 574 1711 599 nomen
1727 562 1780 600 ob

316 622 549 672 legationem
581 624 697 661 modo
727 624 874 663 dictam
903 622 1108 661 detulerat.
1164 622 1219 660 Ut
1246 635 1339 672 ergo
1368 622 1640 669 adversarium,
1661 623 1783 660 homi—

315 696 401 722 nem
422 684 644 735 improbum
665 691 703 722 et
724 685 988 730 libidinosum,
1009 684 1114 735 prius
1133 683 1338 723 lacessitus
1358 684 1611 724 ulcisceretur
1631 684 1783 722 AEschi-

317 759 398 792 nes,
419 760 466 784 ex
483 748 569 797 lege
598 746 751 785 Solonis
777 747 827 785 de
857 753 1054 786 oratorum
1075 745 1282 797 disciplina
1300 746 1519 796 δοκιμασίαν
1539 746 1575 784 ei
1595 745 1784 784 denunci-

318 815 463 846 averat.
521 809 625 847 Hinc
646 810 810 847 maxima
830 823 920 861 pars
949 808 1210 847 accusationis
1232 808 1271 846 in
1291 808 1515 847 enarrandis
1534 807 1687 859 flagitiis
1717 808 1784 845 Ti·-

319 870 464 908 marchi
485 877 673 909 versatur.
718 872 812 909 Post
832 871 1122 910 excusationem
1142 876 1181 908 et
1200 870 1525 921 praeparationem
1545 870 1781 917 auditorum,

317 945 364 969 ne
385 933 546 970 moleste
570 932 711 979 ferant,
733 933 763 970 si
783 933 832 972 de
847 932 1049 971 Timarchi
1070 932 1147 970 vita
1175 932 1367 979 dicturus,
1395 938 1560 983 cogatur
1588 931 1782 971 interdum

316 1007 444 1031 rerum
467 996 592 1032 minus
613 995 866 1034 honestarum
884 995 1120 1034 mentionem
1141 993 1282 1041 facere,
1304 994 1507 1033 AEschines
1529 995 1614 1033 haec
1633 999 1783 1033 narrat:

316 1058 362 1106 (κ.
383 1056 553 1111 Τιμόρχ.
573 1062 604 1105 ξ.
620 1057 664 1107 ί.)
692 1058 901 1107 Μισγόλας
919 1059 1001 1097 ἐστι’
1020 1075 1075 1101 τις
1097 1056 1351 1109 Ναυκράτους,
1373 1054 1401 1095 ὦ
1420 1058 1550 1108 ἄνδρες
1568 1056 1783 1104 Ἀθηναῖοι,

316 1118 541 1166 Κολυττεὺς,
562 1143 613 1147 -
633 1120 832 1173 ἀκολάστῳ
850 1123 932 1172 περὶ
951 1125 1079 1167 ταῦτα,
1107 1120 1247 1171 ὠραῖος
1274 1120 1340 1158 ὤν.
1397 1120 1528 1170 Hujus
1557 1118 1783 1157 narrationis

317 1192 506 1218 summum
543 1180 751 1220 artificium
789 1183 894 1221 baud
924 1182 1000 1220 alia
1033 1182 1184 1220 ratione
1213 1182 1332 1231 magis
1366 1181 1583 1233 apparebit,
1606 1194 1721 1232 quam
1753 1180 1786 1218 si

318 1241 472 1280 brevem
520 1256 705 1281 summam
746 1258 873 1283 rerum
914 1243 1217 1282 necessariarum
1264 1243 1483 1290 fecerimus,
1521 1249 1561 1282 et
1598 1243 1693 1294 quid
1734 1243 1783 1280 ab

318 1304 481 1342 oratoris
517 1305 673 1356 ingenio
711 1307 930 1356 profectum
968 1307 1031 1353 sit,
1070 1305 1457 1344 consideraverimus.
1525 1306 1686 1344 Brevius
1725 1305 1784 1343 di-

318 1379 405 1404 cere
426 1368 553 1417 potuit
574 1368 653 1406 sic:
683 1368 893 1418 ΒῙισγόλας
912 1370 1145 1420 ἐμισθώσατο
1164 1368 1365 1420 Τίμαρχον
1392 1370 1451 1406 καὶ
1475 1367 1564 1420 ἔσχε
1591 1369 1676 1420 παρ’
1701 1367 1788 1406 ἑαυ-

316 1430 377 1478 τῷ,
411 1432 498 1466 νέον
537 1430 628 1467 ὄντα
663 1433 723 1467 καὶ
755 1433 916 1479 α’σελγῆ,
945 1431 1056 1474 αὐτὸς
1084 1432 1295 1473 α’κόλαστος
1324 1430 1389 1468 ὤν.
1444 1430 1518 1468 Sed
1553 1443 1623 1468 cur
1655 1436 1789 1469 orator

318 1489 384 1526 illo
414 1490 531 1528 modo
564 1492 695 1542 potius
725 1493 919 1531 narravit?
948 1492 1118 1530 Primum
1156 1497 1200 1530 ut
1233 1492 1405 1530 narratio
1438 1498 1541 1530 esset
1577 1492 1787 1543 perspicua

318 1556 357 1587 et
390 1552 564 1603 ἐναργὴς.
623 1552 711 1590 Hoc
743 1553 875 1592 effecit
904 1560 1055 1591 servato
1093 1566 1223 1590 rerum
1260 1553 1397 1590 ordine
1435 1559 1476 1591 et
1509 1554 1786 1592 consecutione

319 1613 582 1664 notandisque
611 1615 865 1665 περιστάσεσι.
921 1613 1118 1660 Secundo,
1142 1620 1185 1651 ut
1205 1620 1307 1652 esset
1325 1614 1539 1664 probabilis
1557 1620 1597 1653 et
1624 1620 1786 1654 morata.

318 1674 409 1712 Hoc
440 1681 501 1713 est
528 1682 775 1723 consecutus,
812 1676 993 1714 notandis
1013 1676 1187 1713 moribus
1208 1675 1403 1725 Misgolae‚
1422 1676 1622 1714 Timarchi
1641 1682 1682 1715 et
1699 1691 1788 1716 suo-

319 1750 402 1775 rum
425 1737 559 1787 ipsius.
606 1738 761 1784 Tertio,
783 1744 826 1776 ut
845 1738 1000 1788 gravius
1015 1736 1319 1788 reprehenderet
1337 1737 1599 1785 Timarchum,
1620 1740 1689 1789 qui
1708 1754 1787 1779 non

318 1805 479 1837 coactus
498 1799 644 1850 inopia,
674 1800 743 1838 sed
774 1800 961 1838 suadente
990 1799 1153 1836 libidine
1182 1804 1222 1836 et
1250 1798 1400 1836 luxuria
1426 1805 1576 1838 tantum
1597 1800 1786 1853 flagitium

319 1867 595 1911 perpetrasset.
653 1862 819 1907 Quarto,
841 1875 888 1899 ne
917 1867 1021 1900 esset
1047 1859 1205 1907 inficeta
1234 1866 1275 1898 et
1293 1861 1482 1913 *honestis
1513 1863 1673 1902 auribus
1704 1878 1786 1902 mo—

321 1923 429 1969 lesta,
450 1924 733 1974 turpitudinem
755 1923 849 1961 facti
868 1923 995 1961 verbis
1019 1922 1310 1960 honestioribus
1332 1930 1438 1960 caste
1458 1924 1569 1962 texit.
1625 1925 1788 1974 Quinto,

321 1992 365 2023 ut
384 1991 486 2023 esset
503 1986 641 2032 brevis,
664 1986 812 2024 nullum
833 1985 995 2023 verbum
1012 1992 1157 2022 temere
1177 1984 1343 2023 addidit.
1400 1985 1681 2037 Relegentibus
1701 2001 1789 2026 nar-

324 2047 511 2084 rationem
529 2047 654 2098 ipsam
668 2047 812 2094 omnia,
828 2060 918 2097 quae
938 2046 1033 2093 dixi,
1053 2050 1166 2085 erunt
1184 2047 1409 2098 perspicua,
1430 2055 1470 2085 et
1486 2061 1620 2088 omnes
1634 2050 1788 2089 AEschi-

331 2109 390 2147 nis
406 2110 686 2160 eloquentiam,
705 2110 838 2160 quoad
860 2110 1118 2154 narrationes,
1135 2109 1445 2149 admirabuntur.
1486 2110 1610 2149 Paulo
1628 2119 1719 2163 post
1738 2112 1790 2151 de

322 2171 461 2210 eodem
482 2172 694 2211 Timarcho
713 2178 751 2210 et
772 2171 1042 2222 Hegesandro,
1064 2171 1174 2209 istius
1195 2172 1232 2208 in
1254 2171 1507 2222 improbitate
1526 2174 1647 2219 socio,
1670 2188 1789 2225 quam

323 2234 606 2273 contumeliose
636 2234 840 2272 tractarint
869 2233 1115 2279 Pittalacum,
1136 2246 1308 2284 quocum
1335 2234 1569 2273 Timarchus
1599 2236 1790 2276 habuerat

323 2296 660 2343 consuetudinem,
700 2296 955 2347 Hegesandro
993 2301 1122 2333 tamen
1165 2295 1377 2334 accedente
1412 2297 1696 2347 repudiaverat,
1734 2299 1788 2338 ita

325 2364 468 2404 narrat,
491 2364 533 2396 ut
553 2358 670 2395 risum
698 2357 761 2395 vix
791 2364 923 2395 tenere
949 2357 1075 2395 lector
1100 2357 1236 2407 possit.
1257 2356 1369 2405 (ibid.
1390 2362 1421 2406 ξ.
1443 2357 1526 2406 ιγ’.)
1543 2358 1788 2410 μεθυσθέντες

327 2421 402 2471 γάρ
428 2436 518 2458 ποτε
539 2422 597 2457 καὶ
618 2422 720 2458 αὐτοὶ
739 2419 987 2468 (Timarchus
1007 2424 1049 2457 et
1074 2418 1507 2469 Hegesander)-—31'm]v
1537 2422 1692 2475 ἑκατέρῳ
1722 2426 1788 2461 αὗ-

327 2490 400 2521 τῶν
428 2482 635 2533 λαγχάνει.
693 2481 769 2519 Hic
788 2488 878 2519 ante
899 2482 1028 2520 omnia
1047 2481 1305 2520 animadverti
1325 2481 1473 2519 debent
1497 2495 1622 2521 mores
1642 2483 1790 2522 Timar-

327 2545 406 2592 chi,
420 2544 661 2594 Hegesandri
681 2551 719 2582 et
739 2544 932 2582 Pittalaci.
971 2545 1065 2582 Illos
1087 2544 1217 2582 statim
1237 2543 1367 2582 reddit
1387 2550 1501 2583 notos
1519 2545 1570 2583 ab
1586 2545 1790 2595 ebrietate,

328 2621 350 2646 a
370 2606 501 2652 sociis,
523 2621 546 2645 a
564 2606 733 2644 violenta
760 2606 975 2657 irruptione
995 2612 1035 2644 et
1061 2612 1263 2651 nocturna,
1285 2618 1305 2642 a
1336 2606 1564 2656 petulantia,
1585 2620 1607 2645 a
1627 2608 1792 2646 crudeli-

329 2675 423 2719 tate,
445 2682 468 2706 a
498 2668 648 2714 timore,
668 2674 707 2706 et
735 2668 909 2707 libidine,
965 2668 1079 2705 Hunc
1098 2667 1343 2713 Pittalacum‚
1364 2668 1603 2706 recensenda
1622 2669 1707 2719 ejus
1727 2683 1789 2707 su-

328 2730 527 2781 pellectili,
549 2730 705 2779 damno,
729 2729 864 2780 plagis,
887 2730 1068 2774 clamore,
1091 2728 1357 2767 denudatione
1386 2730 1574 2780 corporis,
1594 2731 1792 2781 supplica-

329 2792 448 2838 tione,
478 2805 673 2829 concursu
704 2791 917 2836 hominum,
948 2790 1147 2829 blanditiis
1175 2795 1214 2828 et
1236 2790 1413 2829 irrisione
1432 2791 1643 2838 Timarchi,
1663 2792 1792 2844 inopi-

331 2859 424 2891 nato
444 2866 465 2890 e
485 2852 571 2890 foro
592 2853 720 2892 reditu
741 2860 781 2891 et
800 2853 868 2899 ira,
895 2852 948 2890 ita
969 2851 1171 2898 describit,
1194 2858 1237 2889 ut
1265 2865 1310 2889 ea
1339 2852 1467 2890 omnia
1486 2853 1618 2892 videre
1643 2859 1684 2892 et
1709 2867 1788 2892 rem

329 2927 419 2953 vere
440 2914 582 2953 factam
601 2921 730 2965 putes,
786 2915 883 2954 Tum
905 2914 968 2952 illa
988 2915 1104 2965 longe
1125 2914 1374 2960 facetissima,
1396 2914 1463 2952 ubi
1483 2914 1521 2952 in
1540 2916 1659 2953 verbo
1678 2916 1789 2967 ὑπερ-

331 2978 601 3026 αγανακτήσας
617 2977 803 3015 rationem
825 2975 976 3015 consilii
998 2976 1178 3014 Pittalaci
1197 2975 1340 3023 reddit,
1358 2976 1559 3016 Timarchi
1578 2977 1791 3016 blanditias
