1998 3340
320 225 356 264 vi
630 227 677 268 P.
714 227 763 269 P.
800 226 1054 269 DOBREE
1088 227 1489 272 ADVERSARIA

362 349 415 384 26,
433 350 462 378 3.
489 347 585 390 Lege,
607 350 690 391 ταχύ
711 350 874 388 siv—ut
898 353 987 382 Dem.
1009 364 1035 382 c.

320 390 399 421 Mid.
416 402 446 430 p.
463 394 538 427 581,
557 393 611 424 ult.
633 405 661 424 0.
683 394 845 425 Theocrin.
872 397 967 431 1326,
986 396 1035 425 15.

318 434 451 474 Lycurg.
472 437 544 471 166,
561 438 615 473 41,
641 442 671 467 et
693 437 736 467 sic
754 438 910 469 Porsonus
933 440 961 469 in
981 439 1035 469 ad-

316 487 462 507 versariis
480 489 553 508 mss.

361 523 414 556 26,
445 523 565 551 6—10.
604 523 652 552 De
689 523 895 563 Hippomenis
932 525 1034 554 fabula

317 563 412 594 Diod.
437 564 501 594 Sic.
520 565 567 595 ΙΙ.
587 566 664 596 550.
700 567 760 596 Dio
781 567 890 605 chrys.
908 567 934 598 I.
958 570 1032 599 692.

320 606 397 636 Vide
414 613 514 637 autem
532 617 568 637 an
586 609 648 638 del.
664 609 708 638 διὰ
725 609 811 649 λιμὸν
828 611 848 640 1.
865 612 894 640 9.

358 652 411 684 27,
428 652 459 681 5.
483 651 687 691 ἀτυχημάτων
702 657 786 682 recte
799 653 915 682 Theon.
933 665 962 692 p.
977 655 1031 682 71.

314 692 364 723 ed.
392 694 548 723 Camerar.
577 693 615 736 (ὦ
639 695 730 734 ἄνδρες
756 694 956 735 ἈΘ-ἀλλὰ
982 696 1030 725 καὶ

316 735 482 775 ἀνθξώπων,
508 738 626 767 Theon.
650 739 730 769 ἀλλὰ
755 738 809 769 ἀπ’
834 738 907 778 ἀνθς.
932 739 1030 769 edidit

315 779 464 810 Heinsius
480 791 512 820 p.
526 780 596 821 95.)
616 781 751 812 imitatio
766 783 896 812 Homeri
909 782 1028 822 odyss.

1070 358 1106 382 A.
1125 355 1243 384 32—4.
1268 351 1314 393 Ἐξ
1330 353 1422 392 ἧμὲων
1436 354 1491 395 γάρ
1505 362 1575 393 φησι
1591 356 1673 386 KAK’
1690 355 1787 397 ἔμμε-

1070 405 1121 425 ναι.
1160 396 1223 426 Dio
1242 397 1354 436 Chrys.
1374 398 1534 428 XXXII.
1556 409 1588 438 p.
1612 402 1684 431 690.
1707 401 1790 431 αὐτοὶ

1069 436 1092 467 δ’
1109 432 1163 468 {mg
1178 437 1336 479 μαστίγων
1351 440 1509 471 ἦλαύνεσθε
1526 444 1581 472 τῶν
1595 441 1621 473 ἐν
1636 443 1702 476 ταῖς
1718 455 1786 482 τρα-

1068 480 1193 520 γῳδίαις.
1216 482 1292 512 Mox
1305 494 1335 522 q.
1352 494 1387 513 an
1403 486 1641 523 transponenda,
1658 485 1787 524 ἡγεῖσθαι

1067 524 1155 554 ταῦτ’
1169 524 1248 555 ἔστιν
1264 525 1381 565 ἑκάστῳ
1403 527 1490 557 ποινή·
1509 528 1608 558 ταῦτα
1621 531 1726 569 πληροῖ
1733 547 1788 560 -.

1067 566 1141 596 Huc
1165 568 1276 598 alludit
1303 570 1432 599 Lucian.
1460 571 1498 600 de
1527 572 1630 601 Morte
1658 572 1786 612 Peregr.

1067 614 1088 639 t.
1104 611 1171 640 ΙΙΙ.
1189 622 1221 650 p.
1235 614 1311 648 355,
1329 615 1381 642 28.
1397 613 1504 643 confer
1521 616 1597 651 352,
1613 617 1666 646 59.
1705 616 1784 645 Cum

1065 658 1170 683 nostro
1192 655 1262 684 loco
1294 655 1407 685 confer.
1420 657 1529 686 Valck.
1547 658 1645 687 Diatr.
1668 668 1700 698 p.
1716 660 1789 688 185.

1108 699 1161 733 27,
1179 700 1230 728 10.
1254 697 1282 727 οὗ
1305 698 1358 739 γὰρ
1377 700 1426 729 τὶν
1445 699 1534 741 αἰσχ.
1565 701 1678 732 Confer
1696 702 1785 732 Dem-

1064 748 1092 769 e.
1111 740 1261 770 Aristocr.
1279 752 1308 781 p.
1324 743 1399 777 658,
1417 745 1468 772 19.

1108 785 1167 819 27,
1183 786 1233 815 12.
1258 785 1358 815 Isoer.
1376 786 1435 824 Ep.
1452 788 1482 816 6.
1502 788 1553 817 15.

853 874 913 912 De
936 873 1148 925 Legatione
1169 888 1252 913 sua.

355 949 408 991 [1]
425 954 479 987 21,
502 955 532 982 4.
562 951 588 986 ὃς
607 950 755 992 ἐτόλμησε
778 957 837 983 etc.
859 954 948 983 Denl.
972 963 1026 993 pp.

309 995 493 1025 449—450.

353 1039 407 1074 28,
424 1039 476 1068 ⁶24.
501 1038 574 1069 Vid.
594 1040 685 1069 Dein.
705 1039 744 1069 de
770 1040 883 1069 Coron.
902 1050 934 1079 p.
951 1040 1025 1074 228,

312 1082 363 1111 15.

351 1125 405 1159 29,
424 1126 518 1155 1—7.
543 1123 615 1155 Non
627 1130 731 1155 exstat
743 1125 826 1165 apud
840 1127 930 1155 Dem.
946 1126 1024 1155 Nam

309 1166 362 1196 vix
387 1168 445 1198 huc
467 1169 568 1199 trahas
586 1179 637 1207 pp.
653 1171 839 1201 375-378,
872 1170 1025 1199 Caeterum

308 1209 502 1241 Philocrates
518 1211 612 1251 φυγὰς
630 1211 683 1243 ἀπ’
703 1212 898 1251 εἰσαγγελίας,
916 1212 1024 1242 AEsch.

307 1253 394 1283 Ctes.
412 1265 444 1294 p.
461 1257 515 1292 65,
532 1258 562 1286 4.
577 1265 645 1294 quae
659 1256 781 1296 explica
797 1266 835 1286 ex
853 1266 885 1294 p.
900 1257 954 1288 73.
973 1257 1023 1285 15.

352 1299 405 1333 29,
425 1300 455 1328 4.
478 1298 501 1335 δ’,
523 1312 553 1329 τι
576 1297 637 1339 ἐὰν]
663 1299 695 1328 ἂν
712 1298 753 1330 Η.
769 1300 814 1329 St.
836 1299 907 1329 Vid.
933 1299 1023 1328 Dem-

307 1351 439 1390 Apatur.
456 1362 487 1391 p.
506 1356 580 1390 904,
595 1357 626 1384 6.

351 1396 404 1430 29,
433 1397 571 1428 18—19.
610 1397 636 1427 οἳ
663 1397 801 1426 πλεῖστον
817 1414 857 1418 -
873 1396 1024 1434 διήνεγκαν.

307 1437 422 1468 Mirum
443 1438 473 1467 ni
501 1440 565 1470 haec
593 1446 661 1470 sunt
686 1440 827 1469 delenda.
874 1440 962 1469 Dem.
985 1439 1024 1468 de

305 1481 377 1510 Cor.
402 1492 433 1520 p.
457 1483 531 1518 269,
554 1486 606 1514 18.
640 1483 662 1513 εἷ
685 1485 739 1523 γαξ
763 1480 865 1515 Αἰακὸς
888 1482 902 1513 ἢ
921 1482 1023 1512 Ῥαδά-

305 1523 423 1562 μανθυς
439 1524 453 1555 ἢ
468 1525 555 1560 Μίνως
569 1525 598 1557 ’ἧν
613 1527 625 1556 ὁ
639 1529 809 1567 κατηγορῶν.
835 1526 888 1555 Nil
904 1526 942 1555 ad
959 1536 1022 1556 rem

307 1568 396 1596 locus
419 1568 578 1599 AEschinis
601 1571 638 1599 F.
656 1572 691 1599 L.
717 1580 749 1608 p.
770 1571 825 1605 31,
850 1572 903 1600 20.
937 1570 973 1603 ὡς
990 1568 1024 1598 ὢν

308 1608 482 1650 Ἀριστείδης
498 1613 509 1641 ὁ
525 1613 589 1646 τοὺς
604 1612 699 1653 φόξους
713 1618 774 1642 etc.

348 1665 403 1699 29,
419 1665 473 1694 22.
495 1665 546 1698 τῆς
562 1664 657 1704 ἱερείας
672 1669 732 1694 etc.
757 1665 827 1694 Non
845 1667 958 1693 exstat.

349 1707 404 1742 29,
428 1709 481 1737 30.
511 1706 584 1736 οὕτω
605 1710 660 1748 γὰρ
683 1708 715 1737 ἂν
736 1718 798 1740 om.
821 1706 913 1737 Harl.
938 1717 977 1736 ex
1001 1706 1021 1736 1.

300 1763 355 1793 31.
370 1767 481 1793 ortum.

347 1816 402 1848 30,
430 1816 481 1844 10.
518 1817 711 1855 Στξατοκλῆς.
738 1826 769 1854 q.
794 1813 955 1856 Ἰατξοκλῆς
985 1824 1021 1844 ex

305 1866 379 1886 mss.
396 1861 427 1886 et
443 1858 492 1887 hic
509 1859 575 1888 etl.
595 1861 647 1889 15.
662 1863 694 1888 et
713 1861 762 1889 18.

345 1902 400 1936 30,
418 1903 468 1930 10.
494 1901 678 1943 Στρομβίχου
694 1912 770 1932 mss.

348 1945 402 1979 30,
420 1946 472 1976 39.
495 1945 580 1984 φησὶν
596 1945 623 1986 ᾗ.
641 1948 694 1976 22.

345 1989 400 2023 31,
424 1991 456 2019 3.
479 1989 583 2027 «πηγὰς
611 1987 699 2028 λόγων
724 1987 864 2028 ἀφθόνους.
891 1988 1021 2018 Tzetzes

302 2029 382 2060 cml.
399 2031 457 2061 VI.

345 2075 399 2109 31,
416 2076 448 2105 5.
466 2075 579 2105 Melius
596 2074 783 2114 conjecisset
798 2074 945 2110 Wolfius,
958 2074 1019 2104 ὄλο-

302 2115 428 2157 σχοινίνῳ
444 2117 551 2160 Βςόχῳ,
569 2119 618 2149 vel
635 2118 810 2158 ὁλοσχοίνων.
849 2118 965 2148 Nescio
982 2128 1018 2147 an

300 2161 402 2198 possis
426 2167 456 2190 et
481 2161 655 2203 ὁλοισχοινῷ.
693 2162 774 2191 Vide
798 2162 835 2191 ad
861 2161 1018 2200 Aristoph.

300 2203 384 2234 Plut.
406 2206 481 2235 586.
504 2205 655 2247 ὁλοσχοίνῳ
674 2204 771 2247 βξόχῳ
793 2205 868 2235 citat
890 2205 1019 2234 Tzetzes

300 2246 379 2277 Cliil.
394 2248 453 2278 VI.
471 2250 524 2280 38.
548 2250 596 2279 Βε
613 2262 633 2279 α
648 2249 727 2279 male
743 2249 880 2289 praefixo,
898 2259 966 2279 mea
979 2248 1017 2278 ad

299 2291 368 2321 Orr.
386 2290 458 2321 min.
476 2303 510 2331 p.
526 2293 579 2323 37.

343 2335 396 2370 31,
426 2337 476 2365 13.
511 2338 565 2372 35,
593 2338 645 2366 14.
670 2335 761 2365 Dem.
792 2336 869 2372 400,
896 2334 926 2365 5.
955 2338 1016 2364 etc.

300 2376 392 2413 (vide
407 2380 482 2415 401,
498 2378 548 2419 5.)

340 2422 393 2456 31,
416 2423 468 2452 19.
500 2421 630 2462 ἄπρατον
652 2426 747 2451 recte.
771 2421 884 2451 Confer
906 2431 937 2459 p.
963 2422 1017 2456 39,

300 2464 356 2494 ult.
376 2466 419 2504 μῆ
441 2464 636 2505 καθαρεύοντα
655 2464 698 2503 τῷ
713 2465 848 2503 σώματι,
869 2461 939 2504 μηδ’
960 2462 1019 2492 ἕθεν

298 2507 348 2538 τῆν
366 2509 453 2547 φωνῆν
472 2507 581 2547 ἀφίησι.
604 2509 642 2545 Q.
658 2508 689 2537 in
712 2508 867 2537 Timareh.
890 2507 1018 2546 ἂπξατον

297 2552 404 2581 Tzetz.
426 2551 507 2582 Chii.
532 2552 593 2582 VI.
619 2553 670 2583 37.
713 2551 763 2592 (p.
780 2553 855 2582 357.
887 2561 918 2580 v.
942 2552 1015 2581 142.

299 2594 393 2633 Corp.
413 2594 518 2634 Poet.)

341 2647 394 2682 31,
410 2647 464 2677 33.
487 2644 630 2685 Ἀμύντου
644 2655 677 2674 τε
692 2646 747 2684 γὰρ
763 2644 874 2675 malim.
891 2654 932 2674 ET
947 2643 1015 2674 Am.

301 2699 342 2719 m·
359 2690 439 2719 Alex.
456 2690 589 2719 mortuis.
621 2688 701 2718 Vide
719 2687 797 2718 infra
812 2688 848 2717 ad
869 2697 899 2727 p.
915 2689 967 2722 46,
984 2690 1014 2718 9.

343 2733 397 2768 32,
415 2734 469 2762 21.
492 2734 574 2772 Lege
591 2731 763 2762 certissime
779 2730 908 2765 κτίσεως,
933 2737 965 2759 ut
981 2740 1012 2769 p.

299 2777 352 2811 43,
367 2777 418 2805 13.
433 2776 547 2815 (Nulla
563 2787 593 2806 v.
607 2776 628 2805 1.
643 2774 794 2815 notatur.)
818 2774 899 2803 Vide
914 2779 1012 2802 tamen

298 2829 344 2848 or.
369 2819 408 2848 de
432 2819 589 2849 Haloneso
613 2819 717 2862 1³:83¹
741 2820 772 2849 1.
801 2817 884 2848 Phil.
909 2817 1013 2856 Epist.

298 2864 372 2897 164,
392 2863 444 2892 18.

338 2914 391 2956 [2]
408 2917 462 2950 3⁴2,
478 2915 530 2944 27.
546 2913 628 2954 [καὶ]
651 2912 777 2943 καθῆκεν
796 2911 833 2946 εἷς
851 2912 940 2952 ἡμᾶς.
956 2911 1005 2942 καὶ

293 2970 352 2990 om.
368 2959 418 2988 ed.
433 2958 537 2988 Wolf.

338 3004 392 3038 32,
409 3003 461 3033 28.
475 3002 523 3032 τὴν
544 2998 697 3030 Ἀθηναίων
713 3009 769 3038 per
790 3010 822 3029 se
847 2997 1009 3038 optimum,

296 3051 329 3076 ut
352 3056 382 3085 p.
396 3046 450 3080 37,
466 3046 520 3075 33.
550 3044 611 3073 Sed
628 3054 658 3081 q.
680 3052 717 3072 an
740 3043 799 3072 linc
829 3042 1009 3081 irrepserint

294 3100 331 3119 ex
350 3090 397 3119 τὴν
409 3086 476 3118 Ἀθ.
491 3086 574 3117 πόλιν
589 3085 666 3116 infra
681 3085 733 3115 lin.
753 3087 803 3115 35.

1107 954 1158 988 32,
1168 954 1220 983 37.
1235 953 1391 994 ὑπερβολάς
1399 966 1474 988 τινας
1487 956 1784 995 δυνάμεως-λόγων.

1063 994 1101 1031 Q.
1120 994 1252 1035 δυνάμεις
1267 997 1371 1027 deleto
1387 997 1485 1038 ὑπεξὲ.
1511 999 1573 1030 vid.
1589 1000 1610 1028 l.
1628 1002 1681 1031 39.
1703 1000 1781 1031 δυνά-

1060 1048 1139 1076 μεως
1157 1048 1217 1069 om.
1241 1039 1332 1070 Harl.
1377 1043 1425 1071 An
1447 1042 1510 1071 del.
1531 1041 1641 1080 M‘ywv'l
1666 1042 1782 1084 δύναμις

1063 1082 1224 1111 Demosth.
1241 1093 1273 1121 p.
1286 1086 1361 1118 450,
1379 1087 1431 1114 11.

1104 1126 1157 1161 33,
1185 1127 1238 1155 36.
1268 1126 1399 1166 Σίσυφος.
1431 1127 1544 1158 Athen.
1568 1128 1632 1158 XI.
1653 1138 1685 1167 p.
1703 1131 1778 1160 500.

1065 1167 1102 1197 C.
1120 1177 1158 1197 ex
1177 1169 1320 1208 palmaria
1336 1170 1466 1200 Porsoni
1484 1171 1708 1202 emendatione.

1106 1209 1158 1252 [3]
1175 1213 1229 1248 34,
1244 1214 1299 1243 39.
1323 1213 1370 1243 οὐκ
1387 1212 1421 1243 οἶν
1436 1212 1510 1243 πολύ
1526 1224 1556 1243 τι
1571 1214 1711 1251 καταδεὴς
1726 1216 1778 1246 εἴη.

1062 1254 1168 1284 Malim
1183 1253 1263 1290 εῖναι,
1281 1255 1349 1287 scil.
1363 1255 1460 1287 ἐδόκει.

1103 1299 1157 1333 31,
1175 1298 1230 1327 ult.
1248 1297 1328 1341 [καὶ]
1349 1298 1393 1339 τῷ
1413 1311 1441 1330 κ.
1463 1298 1647 1331 σπείσασθαι
1664 1299 1777 1340 [βούλο-

1058 1341 1132 1381 μαι]
1151 1340 1319 1380 Utramque
1337 1353 1442 1372 vocem
1461 1343 1543 1379 dele,
1557 1343 1633 1372 hane
1650 1354 1687 1373 ex
1705 1355 1778 1374 mss.

1060 1383 1140 1413 Vide
1155 1385 1281 1424 'l'aylori
1297 1386 1453 1425 exempla.

1102 1428 1156 1462 35,
1174 1430 1227 1458 22.
1251 1427 1365 1458 ἐναντίον
1385 1429 1456 1468 φησὶ
1476 1430 1531 1458 τῶν
1550 1428 1656 1469 πρεσβ.
1685 1431 1776 1460 Dein.

1058 1481 1087 1511 p.
1106 1471 1183 1507 346,
1199 1473 1229 1500 2.

1101 1515 1155 1549 35,
1173 1517 1224 1544 28.
1249 1514 1307 1544 Vel
1332 1514 1379 1544 ὅτε
1403 1513 1640 1554 ἐξεπέμφθησαν,
1663 1515 1711 1545 vel
1728 1517 1779 1550 τῆς

1058 1557 1114 1594 alp.
1132 1557 1273 1587 delenda.
1311 1558 1394 1596 Quin
1411 1562 1441 1587 et
1456 1559 1512 1586 τῶν
1526 1557 1777 1597 πρεσβευσάντων.

1056 1599 1263 1629 Tolerabilius
1280 1600 1350 1636 hoc,
1366 1600 1392 1630 si
1408 1600 1572 1635 rescribas,
1585 1603 1641 1630 τῶν
1655 1600 1711 1640 μὲν
1724 1604 1779 1642 γὰρ

1057 1641 1214 1681 πξεσβειῶν
1236 1642 1271 1676 ἃς
1291 1661 1344 1672 —.
1380 1643 1453 1673 NB.
1471 1644 1546 1683 Leg.
1566 1645 1622 1673 τῶν
1642 1643 1697 1683 μὲν
1712 1647 1778 1684 γὰρ,

1058 1685 1107 1714 vel
1121 1687 1175 1714 τῶν
1190 1687 1244 1726 γὰρ
1259 1697 1306 1725 πρ.
1323 1685 1365 1719 οὓς
1379 1685 1436 1725 μὲν
1450 1703 1503 1716 -.

1099 1730 1154 1764 35,
1170 1731 1289 1759 36-7,
1316 1728 1398 1769 [πρὸς
1419 1731 1469 1760 τὴν
1489 1727 1604 1769 βουλὴν]
1621 1729 1778 1769 προσόδους.

1058 1770 1189 1800 Videtur
1217 1782 1287 1802 esse
1314 1771 1478 1808 scholium,
1505 1772 1600 1811 idque
1627 1773 1777 1812 ineptum,

1057 1813 1106 1843 vel
1138 1815 1246 1845 saltem
1273 1820 1465 1855 corruptum,
1498 1824 1537 1844 ex
1569 1815 1591 1845 1.
1619 1818 1673 1846 30.
1705 1826 1776 1846 con-

1057 1856 1171 1888 fictum.

1099 1903 1153 1937 35,
1168 1902 1231 1931 ¹43.
1259 1899 1416 1935 Ἀθηναίοις
1436 1900 1484 1930 καὶ
1508 1900 1567 1935 τοῖς
1587 1902 1776 1942 συμμάχοις.

1055 1943 1156 1973 forsan
1179 1944 1228 1973 hic
1247 1944 1390 1978 delenda,
1413 1949 1444 1974 et
1467 1941 1617 1978 Ἀθηναίοις
1641 1944 1777 1975 inseren-

1055 1987 1127 2016 dum
1146 1991 1217 2026 post
1232 1986 1370 2029 δεδόχθαι
1387 1987 1442 2016 lin.
1457 1989 1511 2018 41.

1096 2031 1151 2066 37,
1185 2034 1213 2061 1.
1253 2031 1468 2067 Marklandus,
1500 2028 1678 2069 ἐπιψηφίσαι
1711 2032 1777 2067 τοὺς

1054 2072 1206 2114 πξοὲδρους.

1099 2118 1153 2152 37,
1171 2119 1222 2146 14.
1252 2114 1490 2158 καταχρήσασθέ
1515 2127 1566 2155 μοι
1593 2125 1664 2146 mss.
1692 2128 1775 2157 q.—

1054 2158 1090 2189 θὲ
1106 2170 1155 2198 με.
1185 2160 1256 2190 Vid.
1270 2159 1402 2198 Magist.
1418 2171 1448 2190 v.
1464 2159 1644 2199 διαχρῶμαι.

1097 2204 1152 2240 38,
1169 2206 1200 2234 8.
1226 2203 1363 2242 πολεμεῖν
1384 2202 1555 2245 πςοῃςοῧντο,
1576 2202 1604 2232 οὗ
1619 2201 1776 2241 δυνάμενοι.

1055 2245 1147 2277 Dem.
1171 2247 1210 2276 de
1231 2246 1414 2286 Symmoriis
1436 2257 1468 2287 p.
1487 2247 1561 2281 188,
1578 2247 1631 2276 26.
1661 2256 1774 2283 συγκα-

1055 2290 1166 2324 λοῦντες
1191 2288 1238 2320 δ’τε
1265 2289 1294 2319 οὗ
1321 2288 1438 2319 πείσετε
1465 2288 1528 2329 (sic
1547 2287 1588 2328 l.)
1615 2287 1664 2318 καὶ
1688 2294 1774 2318 πολε-

1052 2333 1174 2371 μοῦντες
1201 2331 1248 2363 δ’τε
1275 2332 1305 2362 οὗ
1330 2330 1488 2363 δυνήσεσθε.
1523 2331 1633 2370 Eurip.
1659 2332 1773 2363 Troad-

1098 2418 1149 2460 [4]
1166 2421 1220 2455 38,
1235 2421 1289 2450 24.
1305 2417 1461 2459 ἐπιτιμᾷς.
1479 2418 1570 2448 Dem.
1583 2427 1615 2456 p.
1631 2419 1706 2453 343,
1720 2419 1773 2448 25.

1095 2465 1149 2498 39,,
1166 2464 1216 2492 16.
1233 2464 1287 2492 τῶν
1300 2462 1485 2503 συμμαχιῶν
1498 2465 1582 2491 reete
1601 2460 1708 2490 Reisk.
1723 2461 1773 2491 De

1053 2516 1135 2535 more
1152 2506 1203 2536 τοῦ
1219 2505 1474 2546 συνεφάπτεσθαι,
1494 2504 1615 2543 Musgr.
1637 2504 1675 2533 ad
1698 2505 1773 2534 Eur.

1052 2549 1183 2588 Cyclop.
1199 2551 1273 2579 467.

1094 2594 1209 2628 39,25.
1219 2593 1254 2626 ὡς
1270 2591 1327 2622 ἀπὸ
1338 2592 1392 2620 τῶν
1406 2591 1478 2631 ἱερῶν
1491 2592 1550 2619 etc.
1563 2588 1603 2625 Q.
1613 2599 1648 2618 an
1660 2593 1774 2619 exstet.

1094 2637 1148 2671 39,
1166 2635 1220 2665 ult.
1245 2634 1425 2674 συγγνώμην,
1446 2633 1468 2662 εἰ
1486 2630 1681 2662 κίναιδον--εἷ
1697 2632 1771 2662 dant

1051 2689 1126 2708 mss,

1092 2725 1146 2756 40,
1162 2724 1193 2751 2.
1226 2721 1287 2750 Pro
1310 2717 1410 2757 ψεῦδος
1433 2717 1459 2748 ὂν
1482 2717 1582 2748 malim
1606 2715 1772 2758 ψευδόμενον

1047 2795 1201 2848 (ψεῦδθοὲ),
1223 2805 1345 2854 ,1.ευδὸμῖΚ
1354 2807 1377 2844 ),
1389 2803 1455 2835 soil.
1468 2802 1563 2835 αὔτὸν.
1580 2801 1680 2842 ψεῦδος
1703 2804 1774 2834 Ari-

1047 2872 1139 2897 stocr.
1165 2877 1196 2905 p.
1212 2868 1288 2901 674,
1306 2865 1359 2896 15.
1399 2865 1492 2903 Lepi.
1507 2865 1583 2899 462,
1603 2864 1654 2893 13.
1689 2863 1771 2893 Mid.

1047 2912 1122 2945 551,
1140 2910 1195 2939 nlt.
1228 2909 1336 2947 Steph.
1362 2908 1392 2938 Ι.
1415 2908 1512 2943 1106,
1537 2906 1593 2937 ult.
1630 2906 1768 2937 Pamaeu.

1048 2955 1123 2988 974,
1140 2955 1192 2983 20.
1219 2950 1345 2990 ψεῦδοόν.

1088 2999 1140 3032 40,
1162 2999 1211 3027 15.
1234 2995 1314 3025 ἀλλὰ
1327 2993 1377 3023 καὶ
1392 3000 1516 3034 Μουνυχ.
1533 2992 1645 3022 [zuisk.
1662 3002 1679 3021 e
1696 3002 1769 3022 mss.

1047 3041 1139 3069 verba
1152 3044 1202 3069 aut
1216 3041 1345 3069 sortasse
1360 3037 1450 3077 plura
1463 3037 1579 3066 deesse
1593 3035 1771 3074 conjiciens.

1043 3083 1124 3121 Quid
1138 3083 1162 3112 si
1178 3083 1237 3122 leg.
1252 3083 1329 3111 ἀλλὰ
1343 3080 1390 3110 καὶ
1403 3081 1562 3121 μεσοῦντος
1573 3079 1772 3119 μουνυχιῶνος-ἓ
