1981 3322
755 181 1096 224 PRAEFATIO.
1585 184 1661 226 xiii

188 287 347 328 tandem
374 287 590 339 aliquando
617 294 772 327 metam.
831 289 1012 329 Montem
1033 290 1246 329 escendere
1274 291 1380 336 licet,
1414 293 1514 329 saltu
1547 305 1666 343 supea

188 365 272 390 rare
306 358 489 403 negatum
523 357 594 390 est.
652 352 817 389 Strenue
851 352 970 390 modo
1001 359 1120 403 atque
1155 353 1336 391 alacriter
1367 360 1405 391 et
1438 354 1665 400 liberaliter,

189 420 389 465 quotquot
408 414 544 452 volunt
564 413 777 451 literaturae
800 415 959 453 Graecae
981 415 1148 453 studiosi
1167 415 1304 462 videri,
1337 421 1467 466 coepta
1494 429 1579 453 mea
1603 430 1662 454 se-

187 476 373 515 cundent.
430 475 605 514 Emendo
633 488 732 526 opus
761 481 801 513 et
830 484 1096 530 προεισφοραῖς
1122 490 1279 515 cursum
1310 477 1396 527 ejus
1426 477 1664 523 accelerent,

188 552 315 590 neque
337 539 464 577 sinant
480 551 539 576 me
553 538 626 576 sub
647 551 764 576 onere
785 545 994 585 sumtuum,
1010 540 1073 577 cui
1093 539 1257 577 ferendo
1277 540 1382 578 solus
1404 553 1478 591 ego
1493 552 1565 590 par
1585 553 1665 578 non

188 615 290 650 sum,
327 600 595 640 succumbere.
654 600 784 638 Pudet
817 600 950 639 dicere
976 624 1029 629 ——
1054 602 1132 639 Sed
1168 615 1327 652 parcam
1365 602 1513 653 pudori
1548 602 1665 651 hujus

188 664 320 710 seculi,
339 662 505 713 ejusque
526 662 573 700 ad
603 668 783 713 posteros
816 662 942 709 famae,
975 663 1201 714 diligentius
1231 664 1362 709 etiam,
1385 677 1505 714 quam
1536 664 1664 714 ipsum

188 739 268 764 suae
286 726 427 776 parcit.
485 726 617 776 Turpe
638 725 762 771 dictu,
790 731 830 763 et
859 739 973 776 paene
1002 725 1232 764 incredibile
1263 732 1336 771 est,
1370 740 1489 776 quam
1519 726 1557 764 in
1589 727 1664 764 hoc

187 795 264 826 tam
285 788 406 825 arduo
425 800 560 838 opere,
583 793 663 825 tam
685 788 732 825 ad
756 788 918 838 gloriam
938 788 1089 838 patriae,
1112 795 1188 826 tam
1211 788 1260 826 ad
1282 796 1510 827 ornamenta
1540 789 1662 826 bona-

185 862 269 887 rum
289 849 430 887 artium
450 849 686 900 pertinente,
705 863 727 888 a
748 850 994 896 liberalitate,
1015 863 1092 888 non
1118 850 1247 889 dicam
1275 850 1450 900 publica,
1472 864 1562 900 quae
1591 850 1664 888 hac

183 917 301 949 aetate
321 911 462 950 frustra
481 919 671 962 speretur,
694 912 763 950 sed
782 926 803 951 a
825 912 975 963 privata
995 925 1129 950 eorum
1151 912 1224 950 sim
1244 912 1436 959 desertus,
1458 915 1525 963 qui
1549 913 1665 950 bonae

185 973 409 1019 literaturae,
433 979 474 1012 et
502 974 661 1012 Graecae
695 974 883 1026 imprimis
917 981 1084 1012 statores
1120 975 1257 1013 haberi
1290 975 1437 1012 volunt.
1498 975 1589 1012 Non
1624 974 1665 1012 hi

185 1035 304 1073 modo
334 1049 414 1074 non
447 1036 737 1083 commendant,
772 1037 880 1087 quod
913 1036 1043 1074 facere
1078 1043 1276 1087 poterant,
1310 1044 1429 1087 atque
1463 1037 1665 1075 debebant

185 1099 298 1145 adeo,
330 1099 399 1137 sed
420 1112 557 1137 vereor
587 1111 635 1136 ne
663 1098 741 1137 sint
770 1111 945 1149 quoque,
974 1099 1041 1149 qui
1070 1098 1261 1137 infament
1291 1099 1410 1136 etiam
1442 1099 1517 1137 hoc
1547 1112 1662 1149 opus,

183 1167 303 1211 atque
331 1161 371 1199 in
400 1161 661 1212 suspicionem
694 1167 734 1200 et
763 1160 947 1199 invidiam
978 1160 1175 1200 adducere
1208 1161 1400 1200 laborent.
1458 1161 1664 1211 Suppetiae

184 1224 278 1261 mihi
303 1230 494 1262 venerunt
522 1223 775 1275 pecuniariae,
808 1224 913 1262 unde
944 1224 1101 1262 minime
1133 1236 1395 1274 speraveram.
1453 1223 1663 1274 Symbolas

184 1286 370 1325 miserunt
398 1286 450 1333 hi,
472 1299 572 1337 quos
598 1286 774 1325 homines
801 1294 915 1325 natos
946 1300 1024 1325 non
1054 1300 1202 1325 noram.
1260 1286 1374 1331 Quos
1399 1285 1662 1324 amicissimos

184 1349 329 1388 habere
357 1350 581 1396 credebam,
613 1349 756 1400 quibus
788 1349 960 1388 fidebam
989 1349 1169 1395 maxime,
1191 1349 1231 1386 hi
1256 1362 1319 1387 me
1344 1349 1580 1394 destituunt,
1605 1348 1662 1386 vi-

183 1411 321 1450 dentes
343 1425 422 1463 quo
442 1412 591 1450 vortice
620 1411 876 1463 circumagar.
934 1412 1012 1450 Per
1031 1412 1118 1449 illos
1139 1424 1218 1449 non
1239 1416 1330 1457 stat,
1353 1424 1432 1462 quo
1454 1411 1579 1448 minus
1610 1410 1662 1448 ab

183 1474 248 1512 illo
269 1475 415 1513 vortice
445 1474 613 1513 hauriar.
675 1475 788 1512 Dona
816 1488 945 1525 neque
975 1475 1045 1513 tuli
1073 1487 1096 1512 a
1117 1487 1334 1525 quoquam,
1364 1486 1494 1524 neque
1523 1486 1662 1524 posco.

185 1537 287 1575 Satis
309 1537 404 1574 mihi
430 1536 515 1582 erit,
536 1536 764 1587 frequentes
785 1537 816 1575 si
836 1543 978 1575 coeant
999 1542 1179 1574 emtores.
1201 1539 1451 1588 προεισφορὰς
1473 1549 1540 1574 seu
1562 1548 1663 1586 prae-

184 1599 470 1637 numerationes
490 1598 619 1650 pretii,
642 1599 746 1636 haud
768 1598 948 1636 absolute
968 1599 1140 1648 postulo,
1164 1611 1402 1648 quamquam
1421 1612 1511 1636 cum
1533 1604 1664 1649 gratu-

184 1660 327 1699 latione
349 1673 434 1698 sum
460 1666 709 1710 accepturus,
731 1661 761 1697 si
783 1661 851 1711 qui
881 1659 1060 1698 conferre
1081 1660 1227 1697 volent.
1286 1660 1506 1698 Contentus
1528 1673 1609 1705 ero,
1632 1659 1663 1697 si

186 1723 368 1760 volumen
398 1727 441 1760 ut
471 1721 660 1773 quodque
695 1721 805 1772 prelo
835 1722 985 1766 exierit,
1018 1728 1182 1759 ematur.
1242 1721 1507 1767 Periclitatur,
1543 1722 1661 1767 cives,

182 1785 305 1835 gloria
328 1784 478 1835 patriae,
500 1785 746 1835 periclitatur
775 1784 878 1821 salus
900 1784 1055 1822 Graecae
1076 1783 1289 1821 literaturae
1309 1783 1346 1820 in
1368 1783 1583 1822 Germania
1606 1797 1665 1821 re-

183 1847 370 1885 viviscere
387 1846 578 1893 conantis‚
601 1847 631 1884 si
651 1846 880 1884 diffidentiae
902 1852 1054 1891 vestrae,
1079 1847 1110 1883 si
1142 1845 1339 1891 sordibus,
1363 1846 1393 1884 si
1423 1845 1662 1891 invidentiae,

183 1908 215 1946 si
230 1909 393 1959 privatis
411 1907 648 1960 quibusdam
666 1921 818 1947 mecum
839 1907 1102 1946 simultatibus
1121 1908 1287 1959 aliisque
1309 1908 1428 1946 animi
1447 1909 1593 1946 morbis
1611 1908 1664 1946 ita

183 1971 346 2019 cedatis,
367 1978 411 2010 ut
431 1978 605 2023 coeptum
629 1971 703 2010 hoc
724 1971 765 2009 in
785 1971 869 2022 ipso
891 1978 1007 2021 partu
1024 1971 1116 2009 elidi
1137 1971 1351 2021 patiamini.

773 2115 950 2157 SECT.
981 2114 1070 2159 VI.

386 2199 580 2237 Rationes
598 2200 845 2245 sumtuuriae,
865 2211 1119 2250 expensorum
1139 2203 1177 2237 et
1196 2205 1456 2252 acceptorum.

235 2269 325 2316 Sed,
347 2276 388 2308 ut
418 2270 567 2317 sciatis,
589 2269 709 2316 cives,
733 2269 954 2308 universum
984 2269 1103 2320 hujus
1134 2270 1280 2321 negotii
1311 2277 1466 2317 statum,
1488 2271 1660 2322 locique,

181 2344 261 2381 quo
281 2332 494 2371 conclusus
517 2346 614 2378 sum,
636 2331 898 2382 iniquitatem,
920 2337 960 2370 et
980 2332 1147 2383 periculi
1177 2332 1252 2370 mei
1276 2334 1585 2385 magnitudinem
1607 2333 1664 2370 in-

181 2394 375 2445 telligatis,
393 2394 497 2433 bona
518 2394 595 2433 fide
615 2395 821 2433 vobiscum
841 2408 969 2446 agam,
987 2395 1156 2433 rationes
1178 2403 1433 2447 acceptorum
1453 2404 1491 2436 et
1514 2411 1663 2448 expen-

182 2468 311 2494 sorum
331 2457 443 2496 vobis
463 2457 722 2504 exhibiturus,
742 2463 787 2496 ut
814 2457 888 2508 ipsi
908 2457 1124 2504 aestimetis,
1148 2465 1395 2508 quaestumne
1426 2460 1578 2505 faciam,
1600 2459 1658 2496 di-

181 2517 373 2570 vitiasque
391 2533 523 2567 vener,
541 2534 590 2559 an
606 2520 817 2559 discrimen
834 2519 998 2558 adierim
1011 2520 1145 2571 reique
1162 2520 1357 2572 famaeque
1374 2522 1663 2572 decoquendae.

182 2581 290 2632 quod
312 2581 343 2619 si
365 2580 510 2628 secem,
530 2595 609 2620 non
631 2595 716 2620 mea
735 2594 781 2620 ea
798 2581 916 2632 culpa
936 2581 1023 2628 erit,
1044 2587 1083 2620 et
1103 2582 1294 2621 bonorum
1318 2584 1488 2621 omnium
1505 2584 1663 2634 judicio

180 2657 254 2694 ego
279 2650 490 2682 excusatus
519 2644 709 2683 habebor.
767 2645 860 2682 Duo
888 2643 1119 2695 prodierunt
1140 2645 1421 2685 Demosthenis
1452 2647 1663 2700 volumina,

182 2705 338 2743 tertium
368 2719 473 2745 nunc
504 2706 651 2758 prodit,
673 2705 900 2745 AEschinem
924 2706 1127 2744 exhibens.
1185 2707 1336 2746 Horum
1362 2707 1478 2746 trium
1499 2709 1663 2748 volumi-

183 2779 274 2805 num
305 2767 346 2805 in
375 2781 496 2806 unum
526 2769 715 2820 quodque
738 2774 907 2807 sumtum
930 2768 1007 2806 feci
1038 2768 1283 2807 ducentenos
1315 2771 1601 2821 propemodum
1623 2780 1664 2810 et

185 2828 485 2882 quinquagenos
512 2831 679 2869 ducatos
710 2843 849 2869 aureos
877 2830 1134 2869 hollandicos.
1174 2832 1289 2882 (Utar
1310 2833 1384 2871 hoc
1415 2847 1557 2884 genere
1585 2847 1664 2872 mo-

182 2897 285 2930 netae
311 2891 350 2930 in
375 2894 451 2932 hoc
472 2894 639 2940 calculo,
661 2894 771 2944 quod
798 2906 845 2931 ea
865 2893 1092 2931 nationibus
1113 2894 1296 2932 omnibus
1317 2902 1411 2934 nota
1432 2902 1504 2942 est,
1525 2896 1664 2934 thaleri

184 2955 396 3004 germanici
425 2957 508 2995 noti
540 2963 629 2995 suut
657 2955 904 3007 paucissimis
934 2962 1043 2994 extra
1064 2956 1350 3006 Germaniam.)
1406 2958 1460 2996 Hi
1490 2963 1570 2997 250
1590 2959 1661 2997 du-
