1916 3340
283 186 309 225 2
722 181 917 224 INDEX
951 179 1327 224 GRAECITATIS

288 293 446 331 ἀγωνιστὴς
466 289 584 332 ἀμείνων
604 290 672 333 ὑπὲρ
697 293 748 326 τῆς
764 292 871 326 πόλεως
887 291 1013 332 ὑπάρχῃ.

332 337 388 371 78,
415 335 471 366 ult.
502 335 666 373 ἀγωνιστάς
689 337 810 370 πολλοὺς
836 337 886 369 τῆς
913 336 1014 375 ἀρετῆς

335 377 425 417 ἕξετε.
441 380 495 414 79,
506 381 558 409 31.

289 420 459 460 ἀγωνοθέτης
470 421 626 454 ’πολιτικῆς
640 422 746 462 ἀρετῆς.
762 423 817 457 79,
833 423 886 452 29.

288 464 492 506 ἀδαμάντινος]
516 461 627 506 τείχεσι
643 465 766 516 χαλκοις
788 465 836 493 και
852 461 1013 503 ἀδαμαντί-

334 518 386 542 νοις
401 510 450 539 τὴν
465 508 560 549 χώραν
576 509 654 547 ἡμῶν
665 507 803 549 ἐτείχισε.
820 508 873 542 65,
891 509 943 537 33.

291 549 387 592 ἄδεια]
426 550 583 591 λαμβάνειν
611 550 704 581 ἄδειαν
731 550 778 578 καὶ
812 549 938 590 ἐξουσίαν
965 548 1013 578 καὶ

335 593 433 647 ἀρχην.
457 597 508 630 15,
529 596 580 624 22.
612 595 818 631 συναγωνιστῆς
845 594 895 628 τῆς
918 593 1015 632 εἰρήνης

335 637 385 666 καὶ
411 638 462 670 τῆς
483 636 623 677 ὑμετέρας
645 635 747 670 ἀδείας.
765 638 818 671 52,
835 638 889 666 37.
921 635 1014 665 ἄδειαν

334 679 383 709 καὶ
395 680 554 718 διαλλαγὰς
569 679 760 718 εὑρίσκεσθαι.
778 682 831 714 76,
845 682 898 710 42.

291 721 426 775 ἀδελφός]
450 723 565 756 διαβολὴ
582 721 701 761 ἀδελφόν
720 721 785 752 ἐστι
806 722 853 752 καῖ
874 730 1014 761 συκοφαν-

335 764 397 795 τία.
419 768 471 801 47,
488 768 540 795 20.

292 807 409 850 ἄδηλος]
431 809 526 849 χάρις,
542 807 607 848 πρὸς
621 819 645 837 ον
659 805 806 855 ἐχαρίζετο
821 808 932 843 ἀίδηλος,
946 817 1014 849 gra-

336 852 391 888 tia,
413 851 608 886 beneficium,
632 851 719 891 cujus
736 857 842 882 auctor
859 852 1014 892 ignoratur

337 894 515 934 accipienti.
533 896 654 929 87,12.

292 936 471 978 ἀδιαφθόρως
482 935 609 977 ἐρᾶσθαι.
624 939 676 972 19,
695 938 745 967 19.

291 979 409 1022 ἀδικεῖν]
433 981 591 1019 καταγνοὺς
599 979 702 1009 ἀδικεῖν
710 979 821 1010 ἑαυτοῦ.
838 982 889 1015 29,
901 982 931 1010 4.
955 992 1014 1020 μη-

335 1022 381 1053 δὲν
408 1022 681 1064 προκατεγνωκότες,
705 1023 740 1056 ὡς
764 1023 860 1053 ἀδικῶ.
886 1025 940 1060 29,
962 1027 1014 1054 10.

335 1068 387 1096 τοῦ
401 1066 456 1107 μὲν
470 1067 549 1106 ὑμᾶς
564 1065 651 1105 μηδὲν
672 1066 775 1096 ἀδικεῖν
794 1066 880 1107 κύριος
898 1064 940 1103 ἦν,
964 1068 1014 1097 τοῦ

336 1110 366 1140 δὲ
386 1111 430 1150 μὴ
453 1109 528 1151 ἔχειν
550 1108 645 1139 αἰτίαν
664 1109 678 1139 ἦ
701 1108 791 1150 τύχη.
807 1112 862 1145 52,
883 1112 936 1140 34.
967 1111 1015 1140 οὐκ

336 1152 498 1190 ἀγαπῶσιν,
520 1151 567 1183 έάν
586 1164 632 1187 τις
650 1153 693 1193 μῆ
720 1151 788 1192 παρ’
808 1153 903 1186 αὐτοῖς
923 1153 1016 1196 ἀδικῇ.

339 1197 394 1233 56,
409 1198 463 1228 34.

293 1237 438 1280 ἀδίκημα]
462 1238 633 1280 ἐπιγράφειν
660 1252 781 1272 εκαστον
807 1239 935 1282 ἀδίκημα
957 1240 1017 1276 τοῖς

336 1283 516 1324 πράκτορσιν,
532 1284 606 1314 dare
621 1283 785 1325 pittacium
801 1284 1015 1324 quaestoribus,

337 1336 400 1366 quo
414 1326 641 1367 consignatum,
664 1327 742 1367 quid
765 1328 880 1362 multae,
903 1338 921 1357 a
942 1338 1016 1368 que,

337 1380 400 1409 qua
416 1370 455 1400 de
475 1379 580 1405 causa,
603 1370 642 1400 sit
665 1380 719 1411 per
741 1380 794 1400 eos
818 1371 1017 1411 exigendum,

337 1423 438 1453 eoque
470 1417 655 1453 potestatem
675 1412 848 1453 exigendi
841 1413 879 1443 1is
903 1413 1018 1443 facere.

340 1458 372 1492 5,
387 1457 441 1486 36.
472 1456 566 1507 ἀρχὰς
585 1455 770 1495 ἀδικημάτων
789 1458 833 1495 μὴ
850 1454 937 1486 οἴεσθε
953 1454 1018 1485 ἀπὸ

336 1498 420 1534 θεῶν,
432 1497 502 1528 ἀλλ’
515 1498 570 1539 οὐχ
586 1497 635 1529 ὑπ
647 1499 799 1539 ἀνθρωπων
813 1498 964 1536 ἀσελγείας
975 1498 1018 1537 γί-

335 1540 442 1572 νεσθαι.
457 1543 511 1577 27,
527 1545 558 1574 5.
582 1540 698 1583 ὑπέχειν
720 1539 856 1583 τιμωρίαν
875 1541 1019 1582 ἀδικημά-

337 1596 406 1621 των,
429 1595 553 1626 poenam
567 1585 651 1615 dare.
668 1585 721 1621 85,
736 1586 788 1615 23.

294 1627 401 1668 ἄδικος]
432 1626 648 1669 παραδέχεσθαι
681 1629 719 1663 εἰς
742 1628 806 1661 τοὺς
831 1629 939 1665 ἀγῶνας
962 1626 1019 1662 ἔθος

336 1671 523 1701 ἀδικώτατον.
542 1672 595 1707 25,
621 1673 673 1702 24.
698 1670 776 1711 φόνου
796 1669 900 1700 δικαίου
921 1671 1019 1711 μηδεὶς

337 1713 437 1745 ἑαυτόν
455 1715 632 1744 ἀναπλῆσαι
653 1713 795 1748 Βούλοιτο,
821 1713 900 1743 ἦπου
924 1712 1019 1743 ἀδίκου

337 1768 370 1795 γε
401 1757 576 1798 φυλάξαιτο.
604 1760 657 1792 39,
685 1760 737 1787 41.
769 1755 887 1796 θεσμοῖς
917 1755 1019 1791 ἀδίκοις

335 1799 488 1853 ἄρξαντας.
513 1804 565 1836 81,
581 1801 631 1830 15.

295 1842 410 1884 ἀδίκως]
445 1843 531 1878 οὐδεις
557 1854 612 1872 των
640 1840 814 1882 ψευδομένων
837 1843 897 1877 τοῖς
918 1840 1020 1876 ἀδίκως

336 1885 571 1927 διαβαλλομένοις
583 1885 735 1925 ὄργίζεται.
752 1887 804 1920 28,
817 1887 848 1914 7.

296 1929 440 1960 ἀδυνατειν
454 1931 510 1962 τὰς
521 1926 617 1963 αἰτίας
631 1927 847 1959 ἀπολύσασθαι.
865 1931 916 1963 28,
935 1931 986 1958 10.

294 1972 435 2010 ἀδύνατοι,
461 1972 591 2002 invalidi
619 1982 757 2012 corpore,
783 1972 837 2012 qui
865 1982 935 2002 curn
959 1971 1018 2011 ipsi

339 2015 397 2046 sibi
427 2015 541 2046 victum
570 2024 748 2055 comparare
772 2020 940 2056 nequeant,
965 2025 1018 2044 ne-

339 2069 425 2090 cesse
437 2058 564 2092 habent,
588 2069 604 2087 e
621 2057 747 2098 publico
764 2057 816 2088 ali.
832 2057 859 2088 ἐν
873 2058 932 2092 τοῖς
952 2058 1018 2087 ἀδυ-

337 2102 429 2137 νάτοις
443 2100 632 2143 μισθοφορεῖν.
651 2103 701 2136 14,
725 2102 774 2131 10.
792 2112 821 2131 ν.
845 2102 877 2131 in
901 2101 1019 2141 δοκιμα-

341 2144 403 2175 σία.

297 2187 509 2228 ἀδωροδόκητος.
523 2190 576 2224 65,
586 2190 637 2218 21.

295 2232 402 2273 ἀεικὴς]
427 2231 518 2265 ἀεικὲς
540 2231 624 2267 οὐδὲν,
649 2232 732 2262 haud
757 2237 804 2261 est
824 2231 1019 2262 inconsenta-

339 2284 443 2305 neum.
467 2277 520 2308 80,
539 2277 590 2305 23.

295 2315 480 2359 ἀείμνηστῦς]
498 2315 666 2371 ἀῖίμνῆσἿὋΊν
677 2315 805 2369 ἵπαίδέὗᾱν
818 2329 921 2368 ἒυτους
936 2315 1019 2346 Επαί·

337 2360 428 2391 δευσε
439 2362 494 2397 74,
511 2362 564 2391 37.
587 2373 620 2390 το
641 2359 808 2400 ἀείμνηστον
828 2359 860 2390 ἐκ
874 2362 925 2395 τῆς
939 2357 1020 2393 νίκης.

338 2405 359 2433 7
363 2408 394 2440 9,
411 2405 463 2434 27.

295 2447 490 2488 ἀειμνήστως]
513 2447 699 2486 «παράκλησιν
711 2447 760 2480 τ’ἦς
773 2444 947 2486 σωφροσύνης
963 2447 1020 2475 ἀει-

337 2490 474 2530 μνήστως
484 2488 699 2530 παρακέκληκα,
716 2488 962 2519 adhortationem
979 2489 1020 2519 ad

338 2534 489 2574 pudorem
514 2533 623 2573 reliqui
646 2537 789 2562 aeternain
811 2532 843 2561 in
862 2531 1020 2562 hominum

340 2576 493 2607 memoriis
505 2576 650 2606 futuram.
667 2576 720 2610 52,
738 2578 789 2605 22.

296 2618 405 2659 ἀεργία,
434 2620 529 2649 otium
554 2623 653 2654 terrae,
682 2623 716 2648 ut
745 2627 808 2647 non
833 2623 943 2648 aretur.
973 2616 1021 2648 έπι

339 2663 420 2704 πάσῃ
437 2661 544 2702 ἀεργία,
560 2672 598 2692 ea
614 2661 693 2701 lege,
710 2666 745 2691 ut
759 2666 836 2691 terra
851 2661 920 2696 ista,
937 2661 1020 2691 nullo

338 2695 444 2741 modo,
461 2704 545 2735 nullo
565 2714 678 2745 genere
695 2703 839 2734 arationis
853 2703 1018 2734 sationisve

341 2748 470 2778 colatur.
488 2750 540 2783 69,
559 2751 588 2778 1.

298 2790 428 2830 ἀζήμιος.
452 2793 505 2827 30,
520 2793 574 2821 30.

298 2833 395 2874 ἀηδία]
420 2832 501 2864 ἀηδία
522 2835 571 2863 τοῦ
593 2831 720 2870 λέγοντος
741 2832 809 2872 ἅμα
824 2831 872 2862 καὶ
895 2832 945 2861 τοῦ
966 2830 1016 2862 ὅνό-

339 2888 446 2916 ματος,
457 2878 637 2911 insuavitas,
650 2876 811 2911 rusticitas,
823 2876 974 2910 scaevitas,
986 2880 1018 2904 et

341 2921 574 2960 pronunciantis
588 2924 618 2948 et
634 2920 775 2949 vocabuli
792 2919 897 2958 ipsius.
914 2920 968 2953 64,
984 2921 1014 2947 3.

341 2964 389 2992 την
410 2964 458 2992 σὺν
474 2963 566 2992 ἀηδίαν
583 2963 595 2991 ἦ
619 2962 701 2995 πόλις
720 2962 768 2992 οὐκ
792 2961 902 3003 ἐχώρει,
932 2968 1015 2991 tuam

341 3005 601 3045 importunitatem
634 3005 740 3036 civitas
767 3015 828 3036 non
862 3004 1015 3045 capiebat,

1091 290 1140 321 vel
1151 291 1280 322 ferebat.
1292 293 1345 327 77,
1361 294 1410 321 10.

1047 332 1206 375 ἀθάνατος]
1228 334 1378 375 κατήγορος
1391 332 1536 369 ἀθάνατος.
1554 338 1606 372 18,
1616 338 1667 367 23.
1684 336 1756 367 ἀθά.-

1090 388 1170 412 νατος
1184 378 1295 418 μνήμη.
1312 380 1365 413 79,
1381 378 1437 408 ult.

1048 419 1156 450 Ἀθηνᾶ
1173 421 1293 454 ωολιάς.
1310 423 1365 456 47,
1381 424 1434 452 40.
1449 419 1550 452 Ἀθηνᾶ
1566 419 1684 475 πρόνοια.
1701 425 1757 457 69,

1093 466 1211 494 14.18.
1233 466 1287 499 70,
1307 466 1360 494 37.
1380 463 1543 504 διόμνυσθαι
1565 466 1614 495 τὴν
1635 463 1757 495 Ἀθηνᾶν.

1091 507 1144 543 74,
1156 506 1211 536 ult.
1225 506 1407 545 διαλέγεσθαι
1422 507 1527 548 νύκτωρ
1539 506 1605 547 πρὸς
1620 519 1668 539 την
1676 506 1758 538 Ἀθη-

1091 551 1136 578 νᾶν
1157 550 1204 579 καῖ
1220 551 1269 581 τὴν
1276 547 1373 591 Ηραν,
1387 555 1481 581 noctu
1503 561 1557 591 per
1571 551 1757 581 insomnium

1091 603 1161 622 cum
1171 593 1317 624 Minerva
1328 598 1360 624 et
1374 593 1499 624 Junone
1510 594 1632 624 versari.
1642 596 1695 630 85,
1706 596 1757 623 14.

1049 634 1143 665 ἀθλεῖν
1158 637 1200 675 τῷ
1214 637 1348 674 σώματι.
1364 638 1418 672 47,
1431 638 1484 667 37.

1047 675 1155 723 ἆθλος]
1182 678 1325 731 βαρύτεροι
1338 676 1430 709 αθλοι.
1451 681 1506 715 79,
1527 681 1579 710 25.
1596 691 1647 714 της
1660 679 1762 719 ἀρετῆς

1090 718 1182 752 ἆθλον
1203 722 1250 753 τὸν
1275 721 1389 753 θάνατον
1411 722 1542 763 κείμενον,
1557 723 1760 764 propositum.

1092 767 1146 799 88,
1160 768 1212 796 42.

1049 805 1175 860 ἀθυμία]
1199 810 1264 842 τοὺς
1275 809 1417 849 χρηστοὺς
1431 808 1468 843 εἰς
1483 820 1531 840 την
1549 807 1679 850 ἐσχάτην
1694 807 1761 838 &Ov-

1091 849 1160 890 μίαν
1190 851 1363 890 ἐμβαλειτε.
1391 854 1445 888 79,
1475 855 1526 882 12.
1561 851 1680 891 ἀθυμία
1705 854 1762 881 τῶν

1092 892 1324 934 συμζεβηκότων,
1339 895 1484 925 moestitia
1498 899 1530 925 et
1549 895 1725 935 desperatio
1743 904 1761 924 e

1093 937 1214 968 sinistro
1231 948 1331 967 rerum
1345 944 1461 968 eventu
1478 942 1562 968 nata.
1579 940 1635 974 89,
1651 941 1706 969 27.

1050 978 1171 1020 ἄθυτος]
1193 980 1309 1010 ἀθύτων
1328 981 1377 1009 καῖ
1397 980 1608 1021 ἀκαλλιερήτων
1622 983 1677 1010 τῶν
1692 981 1766 1020 {speza-

1092 1021 1242 1063 ἐξέπεμψε
1261 1024 1326 1057 τοὺς
1338 1023 1533 1062 στρατιώτας.
1549 1025 1603 1059 72,
1619 1028 1671 1056 16.
1687 1023 1762 1053 ἀθύ-

1093 1077 1148 1096 των
1158 1066 1206 1096 καὶ
1219 1066 1431 1107 ἀκαλλιερήτων
1445 1065 1527 1097 ὄντων
1538 1068 1592 1096 τῶν
1607 1066 1689 1108 ἱερῶν.
1707 1069 1763 1104 75,

1095 1113 1133 1140 1,,
1116 1112 1144 1140 4,)

1051 1152 1153 1194 αἴθων]
1176 1151 1293 1193 ἐπάγειν
1313 1152 1397 1195 λιμόν
1419 1152 1449 1184 τ’
1463 1152 1564 1185 αιθωνα
1584 1153 1711 1196 κρατερόν
1734 1152 1762 1183 τ’

1089 1195 1188 1237 ’.Αρηα
1201 1199 1320 1233 80,11.

1050 1237 1144 1280 αιμα]
1169 1252 1297 1281 αιματος
1315 1253 1329 1271 η
1346 1241 1429 1281 ἀρετῆ
1445 1240 1520 1271 ὠνία.
1535 1242 1589 1277 76,
1613 1242 1666 1270 27.
1683 1252 1762 1280 αιμα

1093 1283 1178 1316 αὐτὸς
1189 1283 1237 1313 οὐκ
1253 1283 1336 1324 ἔχων,
1351 1284 1487 1314 animum
1499 1284 1631 1315 virilem.
1642 1286 1696 1319 76,
1708 1286 1760 1314 28.

1051 1325 1186 1366 αἴνιγμα]
1203 1326 1232 1357 οὔ
1247 1325 1282 1356 δι’
1296 1327 1485 1367 αἰνιγμάτων,
1500 1325 1569 1356 ἀλλ’
1582 1325 1698 1368 ἐναργῶς
1712 1325 1761 1366 γε’-

1094 1380 1235 1409 γραπται.
1247 1371 1302 1405 70,
1314 1371 1366 1400 34.

1052 1411 1147 1452 αἴρειν]
1172 1412 1278 1451 εἰρήνην,
1296 1411 1312 1441 33
1336 1411 1381 1442 τὸν
1402 1412 1486 1452 δῆμον
1501 1410 1604 1450 ὑψηλὸν
1626 1409 1691 1453 ἦρεν.
1707 1413 1763 1448 51,

1097 1457 1149 1485 24.
1165 1454 1277 1484 κίνδυνον
1289 1456 1422 1495 σώμασιν
1436 1455 1574 1496 ἀράμενοι.
1589 1452 1643 1491 81,
1660 1458 1712 1486 16.

1052 1496 1148 1539 αἱρεῖν]
1173 1497 1330 1538 αἱρεῖσθαι,
1341 1499 1517 1534 decernere,
1532 1499 1579 1529 vel
1594 1497 1695 1529 malle.
1710 1500 1762 1534 15,

1097 1542 1146 1571 19.
1164 1540 1257 1571 εἷ’λετο
1272 1542 1320 1572 τήν
1336 1543 1385 1571 τοῦ
1401 1541 1555 1577 τεθνεῶτος
1569 1540 1669 1573 πίστιν
1681 1543 1763 1581 μᾶλ-

1096 1589 1151 1619 λον,
1167 1583 1182 1615 ἢ
1198 1586 1247 1615 τῆν
1262 1585 1406 1624 σωτηρίαν.
1421 1588 1473 1620 20,
1494 1587 1546 1616 24.
1567 1586 1659 1625 κριτῆς
1675 1584 1764 1623 λόγων

1095 1629 1215 1656 «πολλῶν
1239 1626 1286 1657 ἤδη
1309 1627 1417 1669 ᾑρέθην.
1442 1630 1495 1664 21,
1511 1630 1563 1658 34.
1584 1630 1765 1658 καταλιπὼν

1095 1671 1143 1700 τὴν
1163 1669 1255 1709 τάξιν,
1277 1669 1306 1700 ’ἢν
1324 1669 1409 1701 εἷ’λου.
1432 1672 1485 1704 23,
1505 1673 1535 1701 2.
1552 1670 1679 1712 ᾑρημένοι
1701 1670 1762 1701 §wa

1095 1713 1146 1746 τῆς
1167 1714 1269 1752 φυγῆς,
1285 1722 1303 1743 a
1326 1723 1454 1754 corpore
1480 1714 1619 1744 exsulum
1635 1714 1762 1751 delecti,

1096 1755 1248 1796 deputati.
1266 1757 1320 1791 47,
1338 1759 1367 1786 8.
1383 1755 1428 1786 δ’τε
1444 1757 1527 1787 αὐτὸν
1549 1755 1598 1787 ἐπὶ
1618 1759 1666 1789 τὴν
1680 1760 1763 1789 κοινὴν

1095 1798 1224 1829 διοίκησιν
1238 1798 1360 1829 εἵλεσθε.
1380 1801 1434 1835 48,
1452 1802 1482 1830 8.
1501 1799 1544 1834 οὓς
1558 1800 1587 1830 αῖ
1603 1801 1693 1840 φυλαὶ
1713 1801 1764 1831 καὶ

1096 1842 1125 1871 αῖ
1142 1842 1275 1881 τριττύες
1291 1842 1340 1871 καὶ
1356 1843 1377 1872 οἳ
1396 1843 1478 1882 δῆμοι
1493 1841 1524 1882 ἐξ
1540 1842 1644 1874 ἑαυτῶν
1658 1845 1762 1884 αἱροῦν-

1095 1896 1156 1914 ται.
1172 1886 1226 1921 58,
1241 1887 1272 1915 7.
1294 1886 1367 1926 αἱρεῖ
1385 1884 1468 1920 αὐτὸς
1489 1886 1502 1915 ὅ
1525 1885 1677 1926 λογισμός,
1693 1888 1762 1928 ipsa

1074 1937 1076 1940 ·
1097 1937 1150 1967 per
1171 1938 1203 1958 se
1224 1928 1313 1963 ratio,
1339 1934 1513 1969 computus,
1537 1935 1698 1966 monstrat,
1715 1940 1763 1960 ar-

1096 1971 1174 2011 guit,
1191 1971 1315 2001 evincit.
1331 1974 1382 2006 62,
1400 1975 1450 2002 11.
1465 1970 1532 2011 μηδ
1548 1973 1651 2013 αιρεῖτε
1668 1984 1762 2013 παρα-

1095 2012 1166 2047 νοίας
1179 2012 1292 2044 εναντίον
1305 2013 1442 2046 Ἑλλήνων
1455 2013 1501 2045 τόν
1516 2014 1600 2055 δημον
1612 2018 1668 2046 τῶν
1681 2014 1762 2047 Ἀθη-

1095 2056 1183 2093 ναίων,
1217 2058 1346 2099 arguite,
1377 2057 1552 2089 convincite
1585 2059 1761 2090 dementiae.

1096 2103 1149 2137 75,
1166 2103 1219 2131 41.

1052 2142 1172 2185 αἵρεσις]
1194 2142 1298 2184 αἱρέσει
1319 2156 1355 2174 τη
1381 2144 1466 2186 αὐτῇ,
1492 2145 1601 2175 eodem
1624 2146 1763 2183 consilio,

1095 2188 1227 2217 eundem
1252 2187 1292 2217 ad
1317 2188 1418 2218 finem.
1442 2190 1565 2222 10,17.
1588 2187 1693 2229 αἵρεσις
1711 2202 1764 2225 της

1095 2227 1254 2270 ρεσέειας,
1264 2236 1360 2266 secta
1369 2230 1446 2261 ratio
1456 2230 1650 2262 consiliorum
1654 2243 1763 2273 ,quam

1096 2274 1163 2313 quis
1182 2274 1330 2313 sequitur,
1352 2279 1384 2304 et
1402 2274 1589 2315 propositam
1612 2275 1669 2305 sibi
1690 2281 1762 2306 ante

1096 2316 1200 2347 oculos
1233 2314 1328 2347 habet
1351 2317 1382 2347 in
1407 2317 1566 2358 fungenda
1596 2316 1762 2358 legatione.

1097 2362 1150 2394 29,
1166 2362 1219 2390 30.

1054 2401 1207 2444 αἶρετθς]
1198 2415 1252 2432 05OE
1268 2414 1313 2436 Τις
1335 2401 1440 2443 αἶξέτος
1461 2403 1585 2444 πράττει
1605 2406 1685 2434 κατὰ
1707 2403 1763 2442 ψή-

1096 2453 1208 2485 φισμα.
1239 2447 1293 2481 55,
1324 2447 1376 2476 33.
1407 2445 1554 2485 ηγεμονίας
1581 2445 1765 2488 δικαστηρίοιν

1096 2488 1292 2528 λαμβάνουσιν
1306 2487 1417 2529 αἱρετοί.
1432 2490 1486 2525 58,
1496 2491 1527 2520 5.

1054 2530 1141 2573 αισα]
1165 2532 1254 2565 ληίδος
1268 2531 1353 2562 αἶσαν
1367 2530 1508 2572 λαχόντα.
1534 2534 1587 2567 20,
1605 2534 1656 2563 17.

1054 2573 1258 2615 αἰσθάνεσθαι]
1281 2586 1400 2615 κραυγης
1422 2572 1573 2604 αἰσθέσθαι
1593 2576 1656 2610 τοὺς
1670 2575 1763 2614 γείτο-

1098 2628 1153 2652 νας.
1172 2621 1202 2653 9,
1215 2620 1266 2648 13.

1054 2660 1187 2702 αἰσχρὸς]
1215 2659 1347 2691 δουλεύειν
1361 2659 1428 2694 ταῖς
1451 2659 1628 2714 αἰσχίσταις
1649 2662 1763 2696 ηδοναις.

1098 2706 1128 2738 6,
1142 2706 1195 2734 33.
1205 2702 1324 2743 πρόνοιαν
1338 2700 1467 2742 ουδεμίαν
1482 2702 1595 2734 ww‘lro'r'
1609 2702 1763 2736 ἓποιησατο

1097 2748 1151 2775 τῶν
1167 2748 1260 2776 καλων
1278 2757 1324 2774 και
1337 2745 1485 2798 αἰσχρῶν.
1488 2748 1519 2782 8,
1532 2748 1584 2776 28.
1601 2746 1634 2776 τὸ
1645 2749 1688 2786 μὴ
1700 2746 1763 2777 ἐπί-

1096 2787 1385 2830 στασθαιὲρυὲῐριαν’
1376 2800 1423 2819 επι
1436 2801 1495 2823 τοις
1509 2789 1649 2841 αἰσχροῖς.
1666 2791 1718 2827 15,
1730 2792 1762 2821 7.

1096 2831 1314 2872 παρεμβάλλειν
1338 2831 1465 2872 αἰσχρὰς
1488 2831 1622 2870 ὑποψιας.
1652 2835 1706 2868 24,
1729 2836 1760 2864 6.

1096 2874 1244 2908 κολακείας
1258 2875 1383 2916 αἰσχρας
1405 2874 1574 2915 ὑωερβολην.
1594 2877 1647 2910 43,
1666 2879 1695 2905 1.
1717 2878 1762 2917 μὴ

1095 2918 1195 2956 σύναγε
1219 2919 1259 2948 τὰ
1279 2919 1429 2948 κάλλιστα
1452 2919 1512 2951 τοῖς
1534 2916 1700 2959 αἰσχίστοις
1724 2919 1762 2952 εἷς

1095 2961 1208 2992 ταύτόν.
1226 2964 1278 2996 47,
1294 2963 1346 2992 26.
1369 2959 1423 2998 δ’τῳ
1440 2963 1479 2990 τα
1494 2960 1629 2999 μέγιστα
1649 2972 1703 2990 των
1716 2961 1761 2990 αἰ-

1095 3007 1187 3046 σχρῶν
1208 3003 1293 3038 οὕτως
1312 3003 1376 3035 ἐστι
1399 3004 1515 3034 πιστά.
1540 3006 1593 3040 61,
1618 3007 1670 3034 11.
1693 3005 1753 3034 ἀλλ
