1916 3340
317 209 372 250 30

316 313 462 345 ἐκζάλλειν
473 318 546 352 τινὰ,
556 316 691 357 aliquem
703 327 735 347 se
751 319 857 358 procul
869 318 1029 354 facessere,

360 363 393 388 et
409 364 507 389 tacere
519 360 640 400 jubere,
656 371 689 391 os
706 361 734 390 ei
750 362 961 402 comprimere.
977 364 1030 397 12,

361 402 412 431 15.
435 402 510 432 ἅλιον
530 402 595 436 ἐ’πος
616 403 745 438 ἔκβαλον,
762 404 876 434 irritum
899 405 1028 434 verbum

361 445 487 485 projeci.
509 449 561 480 20,
589 449 638 477 13.
660 446 821 482 ἐκβάλλειν,
838 457 906 477 cum
933 447 1028 477 sibilis

359 487 473 526 ejicere
490 494 624 519 actorem
640 500 694 520 seu
714 500 815 520 causae
839 500 891 520 seu
905 490 1029 520 fabulae.

362 533 416 564 ⁴28,
432 534 484 560 20.

316 571 487 614 ἐκγίνεσθαι]
508 575 576 613 ὑμῖν
590 573 728 613 ἐξεγένετο
743 575 786 610 ἂν,
802 580 924 616 poterat
939 576 1028 606 nobis

359 617 496 653 evenire,
516 624 581 648 erat
602 619 634 648 in
658 623 812 659 potestate
835 624 953 649 nostra.
974 622 1028 655 61,

362 661 479 698 penult.

315 700 459 744 ἐκδιδόναι]
482 701 512 733 οὗ
538 703 763 737 τελευτήσαντος
785 706 840 738 τὰς
863 704 1029 746 θυγατέρας

361 745 488 784 ἐξέδωκεν
504 747 515 775 ὁ
532 747 626 785 δῆμος.
649 750 700 781 90,
717 750 769 777 21.

315 787 439 829 ἔκδοτος]
474 789 581 819 ἔκδοτον
610 791 714 825 ποιεῖν,
741 790 872 831 alicujus
903 792 1026 822 arbitrio

359 834 544 871 permittere.
570 835 624 867 64,
651 835 680 863 9.
706 836 756 864 19.
784 833 889 863 ἔκδοτον
915 833 1026 866 ἐποίησε

359 875 488 905 Βοιωτίαν
504 874 645 910 Θηβαίοις.
663 877 717 910 73,
733 879 786 906 41.

314 916 431 959 ἐκδοχὴ]
448 917 561 959 ἐκδοχὴν
576 917 717 948 ποιεῖσθαι
730 918 870 960 πολέμου,
884 921 1025 962 excipere

358 963 397 991 ab
413 962 637 999 alio-relictum.
661 964 715 997 32,
728 966 779 993 18.

314 1003 387 1043 ἐκεῖ]
411 1007 467 1034 τῶν
497 1003 557 1034 ἐκεῖ
584 1004 760 1045 σκυθρωπῶν
783 1006 871 1047 κύριος
901 1012 1024 1038 senatus

356 1048 579 1088 areopagiticus
595 1048 777 1088 appellatur.
794 1052 847 1086 56,
863 1053 915 1081 31.

313 1088 434 1131 ἐκεῖθεν]
446 1091 610 1131 θεωρήσατε
623 1090 731 1122 ἐκεῖθεν
745 1091 790 1122 τὸν
805 1093 893 1132 λόγον.
904 1096 957 1128 89,
971 1096 1006 1124 3]
1017 1118 1022 1124 .

311 1132 422 1173 ἐκεῖνος]
446 1134 689 1173 ἀπομνημονεύετε
705 1136 801 1169 αὐτοῖς
817 1137 854 1170 εἷς
869 1136 963 1167 ἐκείνην
978 1139 1026 1168 την

357 1176 469 1217 ἡμέραν.
487 1179 538 1212 15,
557 1177 676 1217 penult.
700 1178 733 1208 σὲ
760 1179 788 1209 δὲ
811 1180 847 1214 εἷς
869 1182 909 1210 τοὶ
929 1179 1025 1211 ἐκείνου

355 1220 462 1257 γόνατα
487 1219 568 1251 θεῖσα
595 1221 700 1251 παιδίον
725 1220 801 1252 ὄντα.
828 1225 883 1258 32,
909 1226 939 1254 2.
963 1224 1025 1264 περὶ

356 1262 477 1297 πλείονος
498 1266 547 1294 την
569 1264 670 1294 τούτου
693 1265 789 1304 φιλίαν
804 1266 960 1295 ’ποιεῖσθαι
975 1269 1025 1301 τῆς

354 1304 456 1337 ἐκείνων
469 1305 616 1346 σωτηρίας.
633 1310 687 1342 48,
703 1311 753 1338 29.
778 1309 962 1341 ὑποβάλλετε
976 1310 1025 1339 αὐ-

355 1350 399 1388 τῷ’
422 1349 514 1386 ἐκεῖνο,
537 1351 686 1381 occurrite
709 1351 738 1381 ei
763 1352 816 1382 sic.
834 1354 887 1389 57,
904 1355 934 1383 6.
958 1354 1026 1383 ὑπο-

354 1392 452 1433 τρέχει
467 1394 515 1423 καὶ
531 1394 685 1434 πλησιάζει
703 1393 802 1433 ἐκείνῳ.
817 1397 872 1431 76,
888 1399 940 1426 40.
965 1395 1026 1435 ἐφι-

354 1436 468 1474 κόμενος
491 1438 542 1471 τῆς
565 1435 665 1465 ἐκείνων
689 1437 891 1476 ἀνδραγαθίας.
917 1441 970 1474 81,
996 1442 1024 1470 9.

355 1479 629 1518 ἀπομνημονεύσατε
644 1479 727 1519 αὑτῷ
742 1479 832 1510 ἐκεῖνο.
850 1484 904 1517 83,
917 1484 969 1513 39.

311 1520 423 1557 ἐκείνως,
442 1523 499 1552 isto
523 1523 627 1558 modo,
648 1528 683 1552 ut
699 1523 765 1563 jan]
791 1525 894 1555 statim
911 1526 1023 1555 dicam.

355 1568 408 1599 62,
425 1567 454 1595 6.
479 1565 652 1598 ἀπολάβετε
675 1565 721 1596 τον
743 1566 821 1606 λόγον
842 1570 916 1610 (παρ’
939 1569 1024 1599 αὐτοῦ

354 1606 468 1643 ἐκείνως.
485 1611 540 1644 77,
555 1612 606 1640 38.

311 1650 416 1692 ἐκεῖσε]
442 1651 618 1690 διαγγέλλειν
633 1651 759 1683 τάνθένδε
780 1652 881 1684 ἐκεῖσε.
899 1656 953 1694 4:5-
972 1657 1023 1686 20.

311 1693 516 1735 ἐκθεραπεύειν,
531 1696 721 1726 officiositate
747 1697 826 1728 male
845 1699 953 1728 sedula
969 1698 1024 1728 ali-

355 1748 446 1777 quem
459 1740 637 1776 promereri.
654 1741 706 1776 124,
724 1741 774 1770 15.

311 1779 452 1820 ἐκκαλεῖν]
470 1781 622 1815 τοσούτους
638 1782 686 1811 καῖ
706 1782 886 1816 τηλικούτους
907 1782 1024 1814 ἐκκαλέ-

354 1824 456 1853 σεσθαι
472 1827 549 1865 παρὰ
573 1828 628 1854 τῶν
648 1825 789 1856 δικαστῶν
808 1825 947 1866 θορύέους.
972 1830 1024 1864 24,

355 1870 406 1897 40.
430 1867 613 1897 ἐκκαλεῖσθαι
630 1868 715 1908 ὄργι’νν.
731 1873 783 1904 28,
801 1873 850 1898 11.

311 1909 516 1951 ἐκκαλύπτειν]
533 1910 706 1948 ἐκκαλύψειν
716 1912 757 1951 μέ
769 1920 840 1952 φησι
856 1912 1023 1953 προσελθών.

354 1956 406 1988 61,
424 1957 476 1984 28.

311 1995 486 2036 ἐκκηρύττειν
500 1995 531 2026 ἐκ
547 1998 597 2031 τῆς
611 1997 737 2032 πόλεως.
755 2000 806 2033 90,
825 2000 876 2028 24.

310 2038 440 2069 ἐκκλείειν
462 2042 524 2070 τινα
545 2043 595 2074 τῆς
614 2041 807 2082 συμμαχίας.
830 2043 884 2077 39,
900 2043 952 2071 23.
977 2040 1023 2071 ἐκ-

353 2082 450 2112 κλείειν
471 2085 520 2114 τὴν
540 2084 645 2123 εἰρήνην.
670 2088 723 2120 42,
741 2087 794 2115 28.
817 2083 947 2114 ἐκκλείειν
969 2088 1024 2115 τῶν

354 2125 446 2165 ὅρκων.
461 2129 513 2161 64,
530 2130 581 2158 19.

310 2168 463 2211 ἐκκλησία]
489 2169 566 2210 ἐπῇει
584 2172 598 2201 ἡ
614 2168 760 2201 ἐκκλησία.
779 2173 810 2206 9,
824 2173 875 2201 17.
901 2171 1023 2212 προγρα-

354 2212 409 2250 ψαι
436 2215 500 2246 τοὺς
528 2214 672 2254 πρυτάνεις
696 2213 849 2249 ἐκκλησίας
874 2214 919 2244 δύο
943 2217 1023 2245 κατὰ.

353 2257 417 2289 τοὺς
437 2256 543 2295 νόμους.
567 2257 622 2292 35,
645 2257 762 2296 penult.
787 2257 961 2298 εὐημερήσας
975 2260 1023 2289 τήν

353 2298 505 2330 ἐκκλησίαν
520 2298 638 2340 (ἐχόμην
654 2300 751 2340 φέρων.
775 2303 828 2336 36,
848 2303 899 2330 18.
923 2299 1023 2331 ἐκκλη-

353 2340 416 2371 σίαν
431 2342 583 2382 καθαίρειν.
600 2346 653 2378 49,
668 2346 720 2374 23.
736 2342 1025 2384 προκαταλαμζίινειν

356 2387 405 2416 τῆν
433 2384 593 2416 ἐκκλησίαν.
622 2388 675 2421 63,
705 2389 755 2416 17.
789 2386 942 2417 ἐκκλησίαν
970 2390 1026 2418 τῶν

352 2426 565 2468 Ἀμφικτυόνων
580 2428 677 2464 ἐποίει,
693 2436 725 2459 et
741 2430 816 2470 quid
835 2440 872 2459 eo
890 2431 1026 2460 vocabu-

353 2471 382 2501 lo
400 2472 585 2512 designetur.
609 2474 663 2507 71,
679 2475 709 2501 8.
733 2471 881 2513 ἐκφέρεται
903 2473 1026 2512 «προβού-

353 2520 450 2553 λευμα
475 2515 513 2549 εἰς
528 2517 576 2545 τῆν
597 2513 758 2545 ἐκκλησίαν.
771 2518 825 2551 71,
839 2518 889 2546 21.
914 2516 1027 2547 {wa-ua-

353 2559 468 2592 στάσης
489 2560 539 2592 τῆς
558 2557 720 2592 ἐκκλησίας.
735 2560 789 2594 71,
808 2562 859 2590 23.
889 2559 945 2589 ὅσοι
961 2559 1028 2598 ξένοι

353 2600 541 2640 περιέστησαν
555 2604 602 2632 τὴν
612 2599 772 2631 ἐκκλησίαν.
787 2604 838 2637 85,
851 2602 969 2643 penult.

311 2642 494 2674 ἐκκλητεύειν.
511 2647 565 2681 37,
579 2647 610 2675 3.
633 2643 854 2676 ἐκκλητευθῆναι
869 2648 997 2685 μᾶλλον,
1012 2646 1025 2677 ἦ

352 2686 464 2717 τάληθῆ
477 2689 640 2727 μαρτυρεῖν,
666 2688 732 2728 pati
748 2688 847 2723 malit,
865 2694 900 2718 ut
915 2699 971 2729 ego
993 2699 1025 2720 se

348 2730 469 2770 judicio
486 2737 539 2760 aut
555 2731 671 2771 negati,
689 2737 743 2761 aut
757 2731 827 2761 falsi
847 2732 922 2762 dicti
939 2732 1025 2762 testi-

353 2773 448 2802 monii
464 2784 643 2814 persequar,
666 2784 759 2815 quam
775 2785 847 2805 vera
865 2775 977 2806 testari.
992 2777 1025 2811 ’7,

354 2818 404 2846 17.

311 2857 446 2893 ἔκκλητος
472 2859 572 2895 πόλις,
599 2859 721 2897 civitas,
742 2871 812 2902 quae
830 2861 896 2891 foro
916 2871 1024 2892 carens

353 2902 474 2941 proprio
500 2914 625 2934 necesse
649 2904 754 2941 habet,
770 2905 871 2936 alieno
895 2904 952 2941 uti,
969 2904 1024 2935 ali-

353 2946 436 2974 unde
449 2945 519 2985 jura
536 2952 652 2986 petere.
673 2950 725 2982 12,
742 2950 794 2979 39.

309 2985 472 3028 ἐκκόπτειν]
509 2988 635 3024 ἐκκοπεὶς
661 2990 673 3019 ὁ
701 2991 819 3026 δειλαῖος
847 2990 1023 3032 ἀμφοτέρους

354 3031 418 3063 τοὺς
433 3029 607 3071 ὀφθαλμούς.
625 3035 676 3070 24,
693 3036 745 3066 31.

743 209 938 252 INDEX
971 209 1352 253 GRAECITATIS

1063 315 1189 355 ἐκλέγειν
1203 317 1285 352 τέλος
1300 318 1427 360 πορνικᾶν.
1443 321 1494 356 17,
1507 322 1538 352 3.
1554 320 1622 353 τέλη
1638 325 1701 358 τοὺς
1715 323 1776 353 ποκ’

1106 360 1280 399 ραπλέοντας
1289 360 1412 400 ἐκλέγειν
1423 373 1441 393 a
1453 365 1774 406 praeternavigantibus

1107 404 1228 444 exigere
1245 405 1419 446 vectigalia.
1439 409 1491 441 69,
1509 409 1559 438 29.

1063 444 1280 485 ἐκλογίζεσθαι,
1299 458 1403 478 secum
1420 449 1604 480 existimare.
1620 452 1651 485 9,
1663 453 1718 481 38.

1062 486 1262 530 ἐκμανθάνειν]
1296 491 1342 521 διαὶ
1368 493 1454 522 τοῦτο
1482 494 1536 533 γὰρ
1564 492 1657 532 οἶμαι,
1685 494 1775 531 ἧμᾶς,

1105 533 1212 566 παῖδας
1233 533 1323 570 ὄντας,
1351 536 1406 568 τοὶς
1429 537 1484 564 τῶν
1509 538 1636 566 ιι’.)-οιητῶν
1659 537 1776 575 γνώμας

1105 573 1299 613 ἐκμανθάνειν,
1324 574 1356 606 ἵν’
1374 577 1466 618 ἄνδρες
1486 576 1559 613 ὄντες
1580 579 1684 613 αὐταῖς
1704 590 1775 620 χρη-

1105 619 1243 658 σώμεθα.
1260 622 1313 654 73,
1331 622 1360 648 1.

1062 658 1256 701 ἐκμαρτυρεῖν.
1270 665 1324 698 30,
1337 665 1389 694 33.
1406 662 1589 705 ἐκμαρτυρεῖν
1602 664 1640 697 εἷς
1653 664 1777 698 πολλοὺς

1104 706 1153 735 τὴν
1169 705 1270 735 ἑαυτοῦ
1281 709 1441 746 συμφορὰν,
1453 708 1660 737 calamitatem
1676 718 1775 742 suam,

1104 757 1196 788 quam
1225 749 1318 779 celari
1346 750 1442 780 satius
1469 755 1545 786 erat,
1575 751 1710 791 proferre
1740 751 1774 781 in

1104 791 1275 829 publicum.
1293 793 1346 828 15,
1363 794 1413 823 19.

1060 830 1220 872 ἐκμισθοῖν
1236 836 1329 864 παῖδά
1343 846 1407 865 τινα.
1422 835 1551 877 ἑταιρεῖν,
1564 836 1683 866 elocare
1698 846 1775 876 pue*

1103 887 1168 907 rum
1194 888 1249 918 pro
1266 879 1419 914 mercede,
1443 881 1482 908 ad
1507 889 1635 919 corpore
1654 889 1773 909 meren-

1104 920 1188 950 dum.
1207 926 1236 956 2,
1252 923 1304 951 41.
1328 920 1491 961 ἐκμισθοῦν,
1507 923 1591 963 quod
1608 922 1685 952 alter
1699 932 1772 952 con-

1103 963 1236 1000 duxerit,
1251 964 1329 995 clam
1351 965 1410 994 isto
1433 965 1499 1005 (vel
1527 976 1563 996 eo
1581 966 1676 995 etiam
1700 975 1774 995 con-

1102 1007 1183 1047 scio)
1201 1017 1301 1037 rursus
1321 1007 1407 1037 alteri
1424 1009 1555 1038 elocare.
1580 1009 1644 1041 τοῖις
1663 1006 1774 1049 μυρίους

1103 1048 1192 1088 ξένους
1202 1049 1418 1090 Ἀμφισσεῦσιν
1433 1050 1635 1091 ἐκμισθώσας.
1650 1053 1705 1087 74,
1719 1054 1770 1081 22.

1059 1091 1222 1133 ἐκπέμπειν
1246 1096 1310 1124 τινα
1336 1092 1402 1134 παρ’
1421 1093 1534 1130 ἑαυτοῦ,
1558 1105 1576 1124 e
1601 1095 1693 1124 domo
1717 1105 1773 1124 sua

1102 1136 1243 1167 emittere
1256 1137 1303 1167 vel
1321 1137 1443 1178 ejicere.
1472 1140 1503 1173 8,
1522 1139 1574 1167 17.
1593 1137 1708 1168 ἀθύτων
1723 1137 1773 1167 καὶ

1101 1180 1311 1220 ἀκαλλιερήτων
1339 1182 1394 1210 τῶν
1424 1180 1497 1220 ἱερῶν
1526 1179 1678 1220 ἐξέπεμψε
1708 1182 1773 1214 τοὺς

1102 1224 1299 1262 στρατιώτας.
1329 1225 1384 1260 72,
1415 1226 1468 1254 16.
1501 1222 1679 1263 ἐκωέμωειν
1708 1225 1774 1257 τοὺς

1101 1267 1297 1306 στρατιώτας,
1325 1267 1388 1307 πρὶν
1414 1269 1610 1307 καλλιερῆσαι.
1638 1268 1693 1302 72,
1721 1269 1773 1296 21.

1102 1307 1272 1348 ἐκπέμπειν,
1285 1310 1416 1350 legatum
1434 1310 1537 1350 aliquo
1551 1310 1705 1350 ablegare.
1718 1311 1772 1345 74,

1102 1354 1154 1381 17.
1188 1351 1347 1391 ἐκπέμπειν
1372 1351 1495 1390 ἀγαθοὺς
1522 1353 1621 1393 ἄνδρας
1645 1352 1693 1383 ἐπὶ
1725 1351 1773 1382 τόν

1101 1394 1230 1435 πρόδηλον
1245 1395 1368 1426 κίνδυνον.
1384 1398 1438 1431 75,
1457 1398 1510 1426 13.

1058 1436 1209 1468 ἐκπίπτειν
1223 1439 1262 1472 εἷς
1285 1436 1368 1468 λήθην
1383 1441 1434 1473 τῆς
1448 1436 1626 1478 κατηγορίας.
1649 1438 1703 1474 25,
1721 1440 1774 1469 26.

1102 1478 1261 1511 ἐκπίπτειν
1274 1480 1307 1510 ἐκ
1319 1482 1368 1510 τοῦ
1385 1480 1477 1519 λόγου.
1493 1484 1546 1517 32,
1560 1483 1613 1511 42.

1057 1521 1188 1564 ἐκπλεῖν]
1205 1523 1424 1554 ἐκπεπλεύκατε
1440 1525 1478 1558 εἰς
1494 1524 1660 1564 Σαλαμῖνα.
1675 1525 1708 1560 4,
1721 1526 1773 1555 27.

1101 1565 1215 1598 ἐκπλεῖν
1229 1567 1310 1607 μόνος
1325 1568 1365 1601 εἷς
1379 1566 1474 1607 Σοίμον
1488 1565 1669 1609 ἐγχειρήσας,
1690 1566 1775 1598 αὐθη-

1101 1609 1183 1651 μερόν
1198 1610 1251 1641 ὑπὸ
1267 1613 1318 1645 τῆς
1333 1610 1364 1649 ἐξ
1384 1610 1470 1650 οὶρείου
1493 1611 1589 1648 πάγου
1612 1609 1724 1645 Βουλῆς,
1739 1611 1775 1644 ὡς

1101 1652 1234 1693 προδότης
1249 1656 1301 1688 τῆς
1316 1654 1448 1694 πατρίδος
1470 1653 1590 1692 θανάτῳ
1614 1652 1773 1694 ἐζημιώθη.

1102 1699 1155 1732 89,
1172 1699 1225 1727 34.

1059 1737 1230 1770 ἐκπλήττειν
1256 1742 1318 1770 τινὰ
1345 1739 1482 1778 διενεγκὼν
1508 1740 1611 1770 κάλλει
1634 1739 1683 1769 καὶ
1708 1739 1774 1780 ὥρᾳ,

1102 1783 1280 1823 percellere,
1317 1784 1350 1813 in
1390 1783 1624 1813 admirationem
1664 1792 1774 1823 rapere

1101 1826 1206 1856 formae
1233 1827 1355 1856 decore.
1379 1830 1432 1862 19,
1457 1828 1487 1856 4.
1511 1825 1707 1866 παραστήσειν
1732 1825 1777 1864 τῷ

1100 1868 1156 1908 μὲν
1171 1869 1299 1909 φεύγοντι
1316 1869 1436 1910 θαῤῥεῖν,
1447 1887 1490 1892 -—
1506 1868 1725 1910 ἐκπεπλῆχθαι
1745 1867 1773 1898 δὲ

1101 1912 1145 1950 τῷ
1159 1912 1312 1952 κατηγόρῳ,
1330 1916 1383 1948 24,
1398 1914 1451 1942 39.

1056 1953 1201 1985 ἐκποίητον
1209 1954 1344 1993 γενέσθαι
1353 1955 1478 1994 quando
1486 1965 1548 1984 non
1558 1953 1772 1990 liceat.56‚40.

1057 1996 1203 2038 ἐκπορθεῖν
1218 2000 1266 2029 τὴν
1280 1998 1384 2038 χώραν.
1399 2001 1452 2032 68,
1470 1997 1589 2038 penult.

1056 2039 1258 2081 ἐκρίπτεσθαι,
1273 2041 1440 2077 exsibilari,
1456 2040 1594 2081 explodi.
1613 2043 1666 2076 48,
1683 2041 1737 2069 40.

1056 2082 1211 2124 ἐκτιθέναι]
1236 2082 1262 2113 ἐν
1276 2083 1385 2114 σανίσιν
1405 2083 1640 2124 ἀναγεγραφότας
1655 2081 1772 2113 ἐκτιθέ-

1100 2138 1142 2157 ναι
1160 2126 1290 2168 ν[πρόσθεν
1304 2129 1359 2156 τῶν
1373 2125 1535 2166 ἐπωνύμων.
1551 2128 1605 2162 59,
1623 2129 1674 2156 11.

1056 2167 1182 2210 ἐκτίνειν]
1199 2169 1287 2210 μηδὲν
1300 2169 1391 2212 ἐκτίνῃ
1407 2169 1501 2206 αὐτὸς,
1515 2168 1584 2199 ἀλλ’
1599 2168 1690 2210 ἕτερος
1701 2167 1770 2210 ὑπὲρ

1099 2213 1194 2243 αὐτοῦ.
1213 2216 1265 2250 11,
1283 2216 1333 2244 15.

1057 2255 1139 2290 ἐκτὸς
1153 2258 1201 2287 τῆν
1215 2257 1300 2297 χεῖρα
1315 2255 1398 2297 ἔχων.
1415 2258 1448 2292 4,
1460 2258 1512 2287 29.

1057 2297 1199 2340 ἐκτροιω-ἢ]
1224 2299 1364 2340 ἐκτροπὰς
1379 2300 1466 2330 αὐτοῦ
1481 2299 1536 2329 τῶν
1560 2298 1647 2336 λόγων
1669 2297 1770 2329 ἐπιτη-

1100 2343 1183 2382 ρεῖτε,
1199 2343 1373 2379 observate,
1390 2343 1497 2373 acriter
1511 2341 1649 2382 vigilate,
1665 2341 1689 2371 si
1709 2351 1772 2382 qua

1103 2391 1232 2416 conetur
1249 2396 1267 2416 a
1282 2396 1314 2416 re
1329 2391 1479 2426 praesente
1492 2385 1629 2415 oratioue
1645 2385 1773 2415 demon-

1103 2429 1230 2459 stranda
1239 2429 1279 2460 ad
1291 2429 1391 2460 aliena
1407 2429 1503 2459 dilabi
1520 2433 1553 2459 et
1567 2437 1704 2468 erepere.
1720 2430 1773 2465 83,

1103 2474 1156 2502 26.

1060 2513 1194 2556 ἐκφέρειν]
1219 2516 1317 2547 λεπτὰ.
1335 2514 1402 2556 ἔργα
1429 2513 1469 2548 εἷς
1495 2516 1544 2545 τὴν
1570 2515 1670 2553 ἀγορὰν
1690 2512 1775 2554 ἐκφέ-

1104 2570 1201 2599 ρουσαν
1216 2559 1345 2597 γυναῖκα.
1369 2560 1421 2594 14,
1435 2559 1465 2587 3.
1484 2555 1694 2595 ἐξενέγκασθαι,
1710 2557 1775 2587 effi-

1104 2612 1184 2638 cere,
1209 2601 1367 2642 consequi.
1392 2603 1447 2637 36,
1461 2601 1515 2630 36.
1538 2598 1657 2639 ἐκφέρειν
1676 2599 1772 2638 λόγους

1104 2646 1163 2679 τοῖς
1185 2645 1341 2680 ἀντιδίκοις,
1361 2644 1480 2678 efferre,
1500 2644 1676 2678 enunciare,
1698 2653 1772 2683 pro-

1103 2689 1189 2717 dere.
1205 2689 1258 2723 50,
1274 2690 1326 2718 22.
1349 2684 1495 2726 ἐκφέρεται
1512 2685 1713 2726 προβούλευμα
1733 2686 1772 2720 εἷς

1102 2733 1151 2761 τῆν
1172 2729 1334 2765 ἐκκλησίαν,
1357 2729 1462 2764 efficit,
1479 2735 1512 2759 ut
1526 2729 1557 2760 S.
1575 2729 1612 2759 C.
1635 2729 1770 2759 conscri-

1101 2775 1235 2810 beretur,
1251 2779 1345 2814 atque
1364 2772 1399 2803 in
1418 2771 1601 2802 concionem
1621 2782 1639 2801 a
1661 2776 1771 2802 senatu

1102 2817 1272 2852 efferretur,
1287 2816 1378 2857 eique
1394 2820 1626 2856 proponeretur.
1646 2816 1701 2849 71,
1718 2817 1772 2844 21.

1101 2859 1221 2899 ἐκφέρειν
1246 2860 1311 2893 τοὺς
1338 2858 1435 2897 λόγους
1461 2859 1520 2892 τοῖς
1546 2855 1702 2892 ἀντιδίκοις,
1730 2857 1771 2888 de

1100 2903 1256 2934 causidico
1269 2902 1514 2943 praevaricatore,
1524 2901 1578 2942 qui
1589 2905 1769 2941 argumenta

1101 2952 1133 2977 et
1145 2946 1260 2986 agendi
1277 2946 1385 2975 modos
1399 2955 1460 2975 suae
1472 2945 1569 2984 partis
1586 2942 1770 2974 adversariis

1099 2988 1256 3025 enunciat,
1268 2993 1300 3018 et
1313 2999 1382 3019 cum
1397 2988 1434 3019 iis
1448 2988 1480 3019 in
1491 2987 1631 3019 fraudem
1643 2995 1764 3017 suorum

1099 3032 1237 3063 colludit.
1252 3034 1307 3068 78,
1323 3034 1375 3062 27.
