1916 3340
347 191 483 262 3582

348 329 430 360 enlm
445 330 608 361 Thebanos
629 341 751 371 semper
766 331 954 371 reliquorum
964 353 966 355 »
977 333 1062 361 Gra}-

348 384 454 404 corum
485 374 620 405 libertati
650 375 810 405 insidiatos
838 376 944 411 fuisse,
973 375 1062 414 eique

348 422 400 446 aut
415 428 470 456 per
488 428 519 446 se
544 417 641 456 ipsos,
666 424 717 448 aut
739 429 794 457 per
819 420 930 448 Persas
956 419 1062 457 oppri-

346 461 467 490 mendae
499 461 665 491 studuisse.
708 461 911 491 Verumtamen
923 479 964 483 ——
978 462 1062 491 Illud

347 505 390 543 μὴ
416 503 443 533 si
463 514 580 540 serves,
608 505 808 544 incongruum
835 505 905 538 erit,
927 507 959 533 et
984 504 1063 534 male

347 546 505 577 cohaerens
520 548 600 577 ἀλλὰ
615 554 812 577 verumtamen
823 565 863 569 ——
874 548 967 584 Quod
990 549 1064 576 Sca-

345 589 426 627 liger
447 591 479 620 in
503 591 695 621 Bernardino
718 591 876 620 annotavit
906 589 1063 622 Βουλευσα-

346 631 417 672 μένη
432 638 463 663 et
483 633 662 672 κτησαμένη,
679 633 873 674 grammatice
887 634 1010 673 quidem
1031 633 1063 663 id

345 681 464 707 rectum
494 682 552 713 est,
577 677 603 707 si
628 688 667 707 ex
698 677 858 715 jejunitate
887 677 1063 715 regularum

347 721 616 758 grammaticarum
644 725 799 750 auctorem
822 720 959 758 judices.
1007 720 1063 750 Ille

347 773 434 799 vero,
461 768 612 793 contemta
628 764 794 793 severitate
813 763 1063 800 constructionis,

346 807 445 847 magis
461 807 623 837 sententiae
636 817 763 843 memor,
779 806 879 836 animo
896 808 1063 836 obversan-

347 849 400 886 tis,
417 860 505 889 quam
523 850 667 879 vocabuli
679 850 831 889 praemissi
849 849 941 884 πόλις,
958 850 1063 889 plura-

345 892 407 923 lem
423 893 597 932 usurpavit,
612 893 684 934 quia
701 893 783 927 πόλις
797 898 898 923 tamen
916 893 999 923 aliud
1016 893 1063 922 ni-

346 936 389 966 hil
406 941 464 972 est,
478 946 567 976 quam
581 937 712 967 πολῖται.
748 938 832 967 Bene
847 936 942 976 igitur
958 936 1062 972 habet,

345 990 415 1010 meo
439 981 563 1020 quidem
584 980 718 1018 judicio,
741 980 770 1010 h.
788 980 808 1009 Ι.
831 979 983 1009 vocabula
998 980 1063 1012 Βου-

345 1023 516 1063 λευσάμενοι
538 1028 570 1053 et
591 1024 777 1063 κτησάμενοι,
798 1023 864 1052 scil.
890 1023 912 1053 οἱ
935 1022 1062 1056 &neor-Tor.

346 1066 500 1097 centenos
522 1067 610 1096 locos
634 1067 703 1097 huic
721 1066 839 1096 similes
857 1067 984 1102 dabunt,
1009 1067 1062 1106 qui

344 1110 384 1139 de
399 1110 530 1150 Syntaxi
543 1110 651 1139 Graeca
668 1115 698 1139 et
715 1109 822 1139 Latina
836 1110 1040 1140 tradiderunt.

387 1163 419 1193 p.
435 1156 508 1185 230.
524 1165 553 1184 v.
571 1156 600 1185 3.
617 1152 814 1193 εἰσελήλυθεν]
839 1153 947 1184 Malim
963 1164 1062 1194 προσε-

344 1196 476 1228 λήλυθεν.
489 1202 520 1228 et
537 1197 581 1227 sic
597 1197 745 1237 loquendi
756 1198 829 1226 'mos
845 1201 904 1226 est.

388 1241 413 1281 ᾗ.
429 1240 491 1280 μδ’.
513 1252 544 1281 p.
560 1243 632 1272 932.
653 1252 682 1270 v.
702 1243 752 1270 12.
770 1239 907 1273 θηβαίους.
924 1239 1063 1280 δημαγω-

345 1282 393 1321 γδς
417 1282 604 1325 Ἀριστοφῶν]
639 1284 839 1323 Distinguere
866 1284 968 1313 malim
996 1283 1060 1313 sic:

344 1325 473 1361 θηβαίους
489 1326 667 1368 δημαγωγός.
682 1332 715 1357 ut
726 1328 783 1357 hoc
793 1327 975 1357 vocabulum
990 1326 1059 1367 δημ.

343 1371 494 1401 referatur
518 1373 555 1401 ad
582 1371 818 1400 Archedamum.
859 1370 929 1400 Pari
956 1371 1061 1407 modo,

343 1424 435 1443 versu
449 1424 520 1453 pen.
536 1412 629 1444 αἰτίαν
644 1415 742 1455 ῥήτωρ.
758 1419 792 1443 ut
806 1414 863 1443 hoc
878 1413 1060 1443 vocabulum

343 1455 431 1497 ῥήτως
454 1458 560 1487 redeat
583 1459 619 1488 ad
644 1458 908 1497 Aristophontem,
931 1466 991 1485 non
1021 1457 1059 1486 ad

344 1501 587 1539 Pyrrhandrum.
614 1500 729 1542 placuit
754 1501 834 1529 enim
863 1501 921 1530 hoc
948 1510 1059 1529 nomen

343 1546 411 1573 cum
428 1545 583 1582 geminato
598 1557 611 1585 ς
629 1554 765 1580 exarare,
782 1544 862 1583 quod
882 1543 978 1583 vulgo
991 1543 1021 1573 h.
1036 1543 1058 1574 l.

342 1597 411 1616 cum
431 1588 564 1627 simplici
583 1593 700 1628 prostat
715 1593 884 1618 exaratum.

386 1631 411 1671 ᾗ,
428 1631 478 1670 με.
494 1642 525 1672 p.
541 1634 614 1663 233.
632 1643 662 1662 v.
679 1635 729 1662 16.
745 1631 862 1671 ωξῶτον
873 1629 944 1673 μὲν]
962 1631 1058 1662 Paulo

340 1679 413 1713 post
437 1675 609 1714 insequitur
636 1675 720 1705 aliud
744 1675 854 1715 πξῶτον
877 1673 932 1714 μὲν
955 1685 987 1705 v.
1004 1677 1056 1705 22.

339 1727 408 1755 quae
430 1723 478 1748 est
499 1729 578 1749 nova
595 1718 768 1749 subdivisio
785 1718 899 1758 prioris
923 1717 1057 1748 articuli.

340 1761 384 1790 Ut
400 1762 548 1792 brevibus
566 1767 596 1792 et
611 1762 776 1803 perspicue
793 1761 975 1791 senteutiam
990 1771 1057 1791 ora-

339 1804 417 1833 toris
432 1805 594 1842 declarem,
613 1806 658 1836 sic
674 1806 777 1836 habet.
818 1806 846 1835 Ι.
871 1805 1056 1836 Demosthe-

339 1857 409 1876 nem
427 1847 470 1877 ait
491 1849 644 1878 Thebanis
660 1849 786 1878 nimium
808 1858 982 1887 arrogasse,
1004 1858 1056 1887 ge-

340 1891 422 1920 mino
442 1892 545 1922 modo.
563 1892 599 1933 a)
615 1893 723 1927 altero,
743 1892 825 1930 quod
850 1891 1055 1922 Athenienses

338 1934 494 1973 coegisset
516 1936 588 1965 belii
609 1935 790 1965 societatem
812 1943 880 1964 cum
903 1934 1057 1964 Thebanis
1076 1940 1078 1942 ’

338 1977 451 2013 facere,
468 1988 526 2008 non
545 1989 585 2008 ex
602 1978 754 2018 ipsorum,
778 1978 832 2007 sed
857 1988 873 2008 e
895 1978 1056 2007 Thebano-

338 2030 404 2049 rum
423 2026 573 2060 tempore,
594 2033 671 2061 quos
691 2022 831 2051 dominos
856 2021 990 2051 Boeotiae
1013 2021 1057 2050 fe-

336 2062 444 2094 cisset.
461 2064 496 2105 fi)
521 2066 628 2101 altero,
655 2065 736 2105 quod
762 2068 917 2094 sumtuum
942 2063 1057 2093 facien-

337 2107 449 2137 dorum
478 2109 736 2143 distributionem,
755 2108 984 2148 regiminisque,
1002 2118 1056 2137 seu

339 2148 461 2189 imperii
490 2152 644 2188 militaris,
682 2152 810 2181 fecisset
840 2151 986 2190 iniquam,
1024 2150 1055 2180 in

338 2193 476 2224 fraudem
516 2195 762 2225 Atheniensium.
821 2195 867 2224 ΙΙ.
895 2194 1055 2233 Majestati

339 2236 374 2266 P.
388 2237 425 2267 A.
448 2238 574 2269 nimium
598 2239 778 2278 derogasse,
804 2248 931 2277 eamque
959 2241 1055 2267 totam

337 2280 378 2309 ad
401 2281 562 2312 Thebanos
587 2282 782 2311 transtulisse
805 2281 832 2320 ἑ.
847 2279 913 2320 paq-¹.
930 2291 963 2320 p.
981 2282 1054 2311 234.

340 2334 370 2353 v.
381 2325 433 2354 16.
468 2325 534 2356 III.
549 2325 661 2365 (§.‘uZ‘.
676 2336 707 2364 p.
724 2327 796 2355 2235.
810 2336 840 2354 v.
851 2323 920 2363 20.)
934 2324 1055 2353 Theba-

338 2377 394 2396 nos
413 2378 431 2397 a
446 2378 523 2407 pace
539 2379 607 2398 cum
626 2369 771 2408 Philippo
784 2367 991 2397 contrahenda
1007 2367 1055 2397 ni-

339 2410 397 2440 mis
412 2411 585 2442 inconsulto
601 2411 805 2441 absterruisse
831 2415 923 2450 atque
945 2411 1055 2440 exclu-

339 2453 427 2484 sisse.
472 2455 525 2485 Sic
555 2465 627 2494 ergo
655 2454 754 2494 primo
786 2454 910 2493 quidem
939 2451 1055 2494 πρῶτον

338 2495 405 2535 μὲν,
417 2499 497 2536 quod
513 2509 543 2538 p.
557 2500 631 2529 233.
642 2509 671 2528 v.
685 2500 736 2528 16.
751 2498 877 2537 legitur,
888 2497 1055 2536 respondet

337 2538 457 2582 δεύτεξον
482 2541 522 2578 δὲ,
547 2542 628 2581 quod
653 2551 684 2580 p.
707 2543 780 2572 234.
805 2551 836 2570 v.
856 2543 908 2571 16.
930 2540 1054 2579 legitur.

338 2583 392 2612 Illi
409 2587 517 2625 πρῶτον
531 2585 587 2625 μὲν
602 2589 713 2620 autem,
726 2584 807 2623 quod
820 2594 852 2622 p.
865 2586 940 2614 233.
955 2593 985 2613 v.
1000 2585 1053 2613 22.

338 2625 368 2654 in
385 2627 444 2657 fine
461 2629 585 2667 legitur,
601 2628 767 2667 respondet
783 2626 902 2667 δεύτεςον
916 2625 956 2662 δὲ,
970 2627 1053 2666 quod

339 2678 370 2707 p.
384 2672 458 2701 934.
472 2682 502 2701 ν.
518 2675 546 2701 1.
561 2672 684 2710 legitur.
708 2671 861 2701 Universe
875 2675 908 2699 ut
920 2669 1054 2699 crassiu-

339 2713 424 2743 scule
447 2714 720 2754 philosophabatur
742 2713 916 2748 AEschines,
937 2713 979 2742 ita
1000 2723 1053 2752 pa-

338 2766 404 2785 rum
422 2762 509 2787 norat
529 2768 577 2788 res
602 2758 700 2798 perite
723 2767 827 2787 secare
851 2760 940 2795 atque
965 2756 1053 2796 dige-

339 2808 418 2830 rere.

383 2842 408 2881 ξ.
422 2842 483 2882 μζ’.
502 2854 534 2883 Ρ.
552 2846 625 2874 5236.
642 2855 672 2874 v.
690 2845 741 2874 10.
758 2844 842 2873 τοῦτο
857 2841 990 2882 κήςυγμά
1005 2842 1050 2883 τι]

340 2884 466 2924 Reliqui
487 2888 601 2923 locum,
623 2891 656 2917 ut
681 2888 760 2917 Aldo
777 2890 902 2916 auctore
919 2885 1010 2915 Wolf
1022 2891 1053 2915 et

338 2928 452 2967 'l'aylor
468 2940 536 2960 eum
553 2931 768 2960 exhibuerant.
804 2930 936 2958 Videtur
953 2933 1052 2958 tamen

339 2975 412 3009 post
425 2973 510 3003 τοῦτο
525 2975 637 3003 deesse
650 2973 721 3003 οἱονεὶ
739 2979 891 3013 tanquam,
909 2971 957 3002 vel
971 2972 1053 3011 quasi

338 3016 516 3051 praecvnz'nm
532 3017 662 3055 aliquod.

386 3056 411 3086 6.
424 3057 478 3096 μή.
494 3068 525 3098 p.
543 3062 615 3090 ι237.
633 3070 662 3090 v.
684 3061 733 3090 14.
750 3057 935 3100 ἓπιχειςήσειν
950 3056 1051 3088 ἐθελή-

791 223 1025 268 REISKII
1060 225 1393 269 ANNOTATA

1098 333 1175 374 σεις]
1197 335 1260 365 Aut
1282 346 1299 365 e
1320 334 1438 364 scholio
1460 338 1531 364 nuta
1552 334 1616 365 haec
1633 340 1681 365 est
1697 334 1812 366 vitiosa

1098 378 1203 413 lectio,
1218 377 1324 418 (facile
1339 378 1417 407 enirn
1432 368 1514 407 facin
1530 378 1601 415 fuit,
1615 382 1647 408 ut
1661 377 1812 413 ἐθελήσεις,

1097 421 1178 459 quod
1194 421 1304 460 aliquis
1319 431 1410 459 super
1425 420 1612 461 ἐπιχειρήσεις
1625 431 1680 460 pro
1694 422 1811 451 scholio

1099 464 1287 502 scripsisset,
1309 464 1401 499 alius,
1422 464 1522 493 miuus
1540 464 1715 503 intelligens
1737 464 1812 503 quid

1099 506 1157 536 sibi
1169 507 1274 541 vellet,
1286 507 1314 536 in
1329 511 1446 536 textum
1462 507 1590 537 inferret
1601 506 1625 545 3)
1649 507 1716 537 sive
1730 518 1746 536 e
1761 517 1813 536 va-

1099 549 1208 578 rietate
1232 549 1387 586 lectionis,
1411 550 1479 579 aliis
1502 550 1590 580 libris
1614 550 1811 591 ἐπιχειρήσεις,

1099 592 1166 622 aliis
1184 591 1323 626 ἐθελήσεις
1339 593 1493 622 dantibus.
1510 603 1579 632 quae
1592 595 1690 623 ambae
1704 593 1812 622 lectio-

1098 646 1151 664 nes
1168 637 1363 674 postmodum
1374 637 1411 666 ab
1421 635 1669 675 imprudentibus
1681 636 1712 665 in
1722 644 1811 666 unam

1099 683 1273 717 corruptam
1292 679 1430 709 conflatae
1447 683 1528 710 sunt.

1141 722 1218 751 ibid.
1236 733 1266 753 v.
1286 725 1335 753 16.
1351 719 1445 763 οὗτος]
1469 721 1629 762 Ctesipho,

1141 764 1220 794 ibid.
1234 776 1265 796 v.
1276 768 1327 796 21.
1337 765 1504 806 γίγνεσθαι]
1529 766 1620 805 Quod
1632 766 1744 805 Taylor
1759 777 1812 796 ne-

1099 813 1150 847 gat
1164 809 1238 839 satis
1253 809 1427 848 intelligere
1441 809 1681 839 additamentum
1695 809 1813 839 codicis

1099 852 1284 882 Bernardiui
1308 856 1381 891 post
1401 851 1563 891 γίγνεσθαι,
1585 853 1617 882 id
1642 853 1722 882 enim
1740 863 1812 882 vero

1096 895 1202 925 miror.
1246 896 1315 934 Ego
1332 896 1474 935 equidem
1491 895 1580 925 istam
1603 896 1812 926 accessionem

1097 938 1310 977 amplecterer,
1328 939 1353 968 si
1371 938 1447 968 satis
1463 939 1603 978 probatae
1620 938 1812 968 auctoritatis

1097 986 1200 1011 essent
1229 981 1313 1011 illius
1344 981 1462 1012 codicis
1491 981 1651 1011 lectiones.
1697 982 1812 1011 Verum

1097 1029 1216 1054 constat
1233 1034 1301 1054 eum
1317 1025 1451 1054 obsitum
1477 1034 1547 1054 esse
1566 1024 1719 1064 Scaligeri
1739 1035 1812 1054 con-

1092 1068 1234 1107 jecturis.
1279 1068 1500 1098 Offendebatur
1522 1067 1575 1097 ille
1597 1068 1646 1098 vir
1667 1067 1812 1107 egregius

1097 1110 1234 1141 dictione
1257 1111 1316 1151 ὅξξὶν
1337 1113 1387 1143 τὴν
1411 1111 1560 1152 ἀνάῤῥησιν.
1587 1110 1659 1140 ideo
1682 1112 1815 1141 addebat

1095 1154 1304 1195 ἇναγοςεύοντα,
1317 1155 1398 1193 quod
1412 1154 1527 1184 rediret
1539 1154 1574 1184 ad
1586 1154 1700 1196 κήρυκα.
1715 1155 1812 1184 videre

1093 1207 1256 1237 praeconem
1271 1199 1442 1228 recitantem
1455 1196 1625 1237 formulam
1644 1198 1812 1237 praedicati-

1096 1241 1167 1271 onis.
1214 1241 1430 1271 Verumtamen
1455 1241 1514 1271 hoc
1529 1241 1677 1277 admisso,
1700 1241 1811 1270 inutile

1096 1289 1126 1314 et
1142 1284 1414 1314 inconsentaneum
1429 1284 1508 1314 foret
1525 1285 1574 1315 τὴν
1587 1282 1754 1323 μέλλουσαν
1768 1282 1813 1321 γί-

1095 1327 1218 1366 γνεσθαι.
1246 1327 1359 1367 Ecquis
1386 1327 1466 1358 enim
1488 1326 1644 1368 ἀναγορεύει
1670 1327 1812 1368 ἀνάρῥησιν

1095 1372 1145 1402 ‘rint
1169 1369 1336 1412 μέλλουσαν
1362 1369 1533 1409 γίγνεσθαι.)
1580 1371 1722 1409 Pugnant
1745 1371 1810 1400 haec

1094 1414 1175 1444 inter
1190 1425 1235 1451 se,
1250 1420 1280 1444 et
1297 1425 1363 1444 sese
1376 1414 1530 1453 jugulant.
1573 1414 1652 1443 Nam
1669 1413 1749 1443 inter
1763 1424 1812 1443 re-

1094 1457 1249 1487 citandum
1273 1467 1333 1486 non
1350 1458 1413 1495 jam
1439 1456 1573 1495 amplius
1593 1454 1700 1496 μέλλει
1722 1455 1813 1495 γίγνε-

1095 1500 1169 1530 σθαι
1184 1500 1378 1540 praedicatio,
1394 1499 1449 1530 sed
1471 1501 1534 1539 jam
1549 1504 1621 1529 actu
1638 1499 1682 1534 fit,
1698 1498 1744 1530 ἤδη
1767 1498 1812 1538 γί-

1095 1555 1206 1583 γνεται.

1136 1588 1212 1619 ibid.
1229 1599 1258 1619 v.
1275 1599 1345 1629 peu.
1366 1585 1532 1629 τραγῳδεῖν]
1556 1585 1724 1617 Suaderem
1741 1596 1811 1627 ‘rga-

1092 1631 1206 1671 γῳδιῶν,
1221 1632 1281 1662 nisi
1301 1632 1465 1673 μελλόντων
1481 1632 1630 1666 obstaret,
1647 1631 1728 1669 quod
1744 1641 1809 1659 ma-

1092 1676 1243 1706 sculinum
1260 1675 1434 1705 necessario
1448 1674 1594 1714 postulat.
1619 1674 1734 1703 Verum
1744 1674 1809 1711 jam

1092 1728 1186 1759 supra
1196 1720 1234 1748 ad
1245 1729 1277 1759 p.
1294 1718 1364 1749 185.
1377 1727 1408 1747 ν.
1420 1727 1491 1757 peu.
1501 1715 1680 1747 sententiam
1696 1716 1754 1745 hoc
1770 1716 1809 1746 de

1090 1761 1160 1792 loco
1176 1772 1273 1793 meam
1286 1760 1455 1798 declaravi,
1471 1770 1530 1800 quo
1547 1760 1682 1790 lectores
1706 1769 1808 1789 aman-

1091 1805 1183 1836 dabo.

1133 1850 1164 1887 p‘.
1182 1850 1257 1880 238.
1275 1859 1306 1879 v.
1321 1850 1352 1878 1.
1369 1845 1542 1888 προσελθὼν]
1567 1845 1642 1876 Scil.
1662 1844 1741 1886 ἰω-ςός
1760 1843 1807 1876 τᾶν

1090 1890 1186 1931 δῆμον.

1132 1934 1210 1964 ibid.
1227 1945 1258 1965 v.
1274 1935 1326 1965 12.
1349 1932 1380 1963 ἃν
1395 1932 1465 1974 ἑξεῖ]
1495 1932 1595 1962 Recte
1616 1931 1662 1962 sic
1682 1931 1807 1968 Aldina,

1090 1977 1164 2007 item
1187 1977 1376 2007 σιωπήσεται
1400 1987 1457 2016 pro
1481 1974 1714 2011 σιωπηθήσεται,
1739 1976 1808 2005 Ste-

1090 2021 1197 2061 phani,
1213 2031 1249 2050 an
1274 2020 1426 2060 Scaligeri
1448 2019 1584 2048 invento.
1607 2028 1665 2048 nou
1689 2018 1805 2048 tacebit

1092 2065 1239 2093 Dedecus
1256 2075 1292 2094 ex
1308 2074 1361 2093 ore
1375 2062 1514 2094 veritatis
1529 2062 1735 2101 proditurum,
1749 2062 1805 2091 sed

1091 2108 1277 2137 occlamabit
1291 2106 1438 2147 praeconi.
1471 2105 1604 2135 Mirifice
1620 2105 1743 2144 elegans
1759 2109 1808 2134 est

1089 2151 1119 2180 h.
1132 2151 1153 2180 l.
1171 2149 1326 2191 ὑπόκρισις,
1350 2160 1403 2179 seu
1427 2148 1530 2179 verbis
1552 2148 1720 2178 assimilata
1740 2152 1806 2177 tan-

1091 2204 1178 2233 quam
1196 2195 1226 2223 in
1243 2204 1335 2224 scena
1352 2193 1583 2232 repraesentatio
1600 2191 1805 2221 contentionis

1088 2237 1170 2267 inter
1183 2247 1355 2277 praeconem
1370 2235 1571 2276 plebiscitum
1588 2234 1806 2273 Ctesiphonte-

1091 2291 1139 2310 um
1156 2281 1347 2316 recitantem,
1358 2285 1389 2309 et
1402 2279 1563 2309 veritatem
1576 2288 1676 2308 rerum
1692 2277 1738 2307 illi
1754 2287 1805 2306 oc-

1090 2329 1259 2354 currentem
1278 2328 1369 2362 atque
1384 2322 1642 2362 interpellantem.
1671 2321 1722 2350 Illi
1738 2320 1805 2350 lau-

1089 2368 1144 2398 des
1156 2366 1390 2408 depraedicanti,
1400 2366 1466 2396 haec
1478 2365 1631 2395 dedecora
1644 2364 1806 2402 obstrepit.

1089 2410 1139 2440 Illi
1159 2409 1233 2441 τόνδε
1249 2409 1295 2440 τὸν
1310 2409 1403 2450 ἄνδρα,
1425 2409 1491 2438 haec
1506 2407 1765 2438 stomachabunda
1780 2406 1804 2436 εἲ

1089 2454 1119 2485 δὴ
1145 2453 1193 2483 καὶ
1217 2451 1294 2487 οὗτος
1314 2454 1376 2493 ἀνῆς
1400 2451 1535 2491 subjicit.
1573 2451 1636 2481 Illo
1655 2455 1803 2490 pergente

1088 2498 1229 2537 στεφανοῖ
1249 2496 1261 2526 ὅ
1285 2497 1371 2536 δῆμος
1391 2507 1422 2527 τ.
1449 2506 1479 2525 α.
1501 2495 1533 2524 ἀ.
1556 2493 1634 2524 ἕνεκα
1658 2493 1805 2532 oggannit

1088 2540 1154 2570 haec
1171 2550 1240 2570 cum
1260 2539 1390 2569 fastidio
1413 2542 1505 2577 atque
1526 2536 1735 2576 indignatione
1758 2535 1804 2565 τὸν

1087 2583 1244 2613 ›adnuo-ror?
1271 2582 1330 2612 Ille
1356 2582 1401 2612 nil
1427 2591 1464 2611 eo
1487 2581 1626 2610 turbatus
1654 2579 1804 2616 convitio,

1088 2627 1245 2656 continuat
1270 2621 1461 2666 ἀνδραγαθίας
1486 2622 1577 2660 ἕνεκα,
1605 2623 1660 2653 sed
1688 2622 1803 2653 veritas

1086 2669 1218 2699 inultum
1238 2669 1271 2698 id
1287 2670 1370 2699 abire
1389 2677 1448 2698 non
1472 2666 1556 2701 sinit,
1573 2670 1737 2696 occentans
1758 2664 1805 2695 τᾶν

1086 2712 1208 2752 ἄνανδρον
1222 2712 1270 2742 καὶ
1286 2710 1442 2742 λελοιπότα
1457 2711 1506 2741 τὴν
1520 2708 1621 2748 τάξιν.>

1129 2756 1207 2784 ibid.
1224 2766 1253 2785 v.
1274 2757 1324 2785 18.
1339 2753 1452 2793 ἀρετῆς]
1476 2753 1584 2782 Malim
1602 2752 1647 2781 sic
1662 2751 1726 2791 legi
1740 2752 1802 2792 ⁶⁹th-

1087 2798 1138 2832 τῆς
1156 2797 1245 2834 ἕνεκα,
1261 2796 1308 2827 τὸν
1327 2797 1475 2831 κάκιστον,
1493 2795 1542 2825 καὶ
1558 2793 1744 2835 ἀνδραγαθίας
1757 2793 1802 2824 τᾶν

1086 2840 1217 2881 ἄνανδρον.
1238 2840 1351 2870 omisso
1371 2839 1508 2869 secundo
1530 2837 1618 2868 ἕνεκα.
1640 2838 1689 2867 καὶ
1712 2837 1802 2867 etiam

1087 2884 1224 2913 Helmst.
1239 2883 1304 2913 dat.

1130 2926 1155 2966 §.
1173 2925 1234 2965 μθ’.
1251 2937 1282 2965 p.
1302 2927 1376 2957 239.
1394 2936 1422 2955 v-
1440 2928 1493 2960 10.
1509 2923 1604 2965 ὑμᾶς]
1623 2923 1703 2953 Post
1725 2923 1801 2963 ὑμᾶς

1088 2969 1210 3000 videtur
1226 2967 1373 3009 φαίνεσθαι
1391 2969 1516 3003 deesse,
1532 2967 1731 3006 supplicantes
1745 2974 1802 3000 vos,

1087 3019 1121 3042 ut
1137 3018 1274 3043 testatum
1280 3011 1410 3053 jaciatis
1423 3021 1468 3041 vos
1483 3019 1658 3044 succensere,
1674 3018 1731 3038 non
1752 3008 1800 3043 iis,

1086 3057 1110 3086 si
1127 3057 1178 3096 qui
1189 3055 1333 3086 malorum
1345 3055 1449 3086 horum
1460 3058 1591 3087 auctores
1601 3053 1798 3086 ulciscantur,
