1916 3340
286 196 394 253 ‘294
662 207 695 250 I.
729 205 992 250 TAYLORI
1028 205 1348 249 PRAEFATIO

285 324 357 354 τῶν
388 315 576 366 Χαρίτων.
635 314 855 353 ΜΟΥΣΑΣ
887 315 926 353 δὲ
957 316 1024 357 τὰς
1053 314 1293 362 Ἐπιστολάς,
1315 315 1373 352 διὰ
1403 315 1467 353 τὸν
1494 317 1650 368 ἀριθμὸν
1684 325 1755 356 τῶν

285 379 393 416 ἐννέα
420 377 599 416 Μουσῶν,
657 377 719 415 De
751 389 909 414 numero
944 376 1079 414 harum
1112 376 1375 427 Epistularum
1403 376 1568 416 Photius
1597 392 1755 430 quoque

285 439 472 490 perhibet
498 439 763 477 testimonium
800 439 902 476 idem
930 437 969 476 in
1000 438 1102 478 Cod.
1132 436 1350 477 CCLXIV.
1406 437 1539 477 Hodie
1567 439 1755 479 habemus

286 501 434 540 Triada
455 500 613 551 quidem
635 500 882 545 Orationum,
902 500 1101 550 Epistolas
1121 512 1213 537 vero
1235 499 1464 539 Duodenas,

341 563 533 607 Quaenam
556 562 633 600 sint
655 561 771 612 igitur
789 561 1086 611 abjudicandas,
1108 561 1138 599 si
1161 574 1330 611 quaeraS‚
1354 561 1432 600 sive
1453 568 1562 600 tanto
1583 563 1755 601 Auctore

287 624 482 676 indignae3
513 625 590 663 sive
623 630 715 661 nota
746 623 877 674 aliqua
905 623 1059 669 inustae‚
1082 636 1171 673 quae
1200 623 1413 662 novitatem
1434 637 1595 675 arguere
1616 624 1756 677 possit,

287 687 363 725 hoc
384 701 431 725 ex
453 700 526 732 me,
548 687 721 736 inquam,
743 685 774 723 si
802 697 970 734 quaeras,
993 685 1068 731 aio,
1090 685 1280 736 praedicO,
1301 685 1491 725 confirmo
1517 692 1557 724 et
1585 700 1759 738 pronun.

286 749 364 795 cio,
386 762 520 786 omnes
539 749 630 786 ΧΠ.
652 746 954 798 proscribendas
971 747 1149 797 protinus
1171 754 1209 785 et
1228 748 1481 786 eliminandas
1502 762 1598 787 esse.

340 810 468 849 Probe
492 811 574 848 scio
605 823 684 847 rem
705 822 789 847 esse
815 810 988 847 omnium
1010 808 1290 857 difficillimam,
1311 811 1511 862 disputare
1532 811 1581 850 de
1603 812 1663 850 his
1684 811 1756 850 fal-

287 873 409 919 laciis,
426 886 515 923 quae
535 872 584 910 ab
599 872 780 910 Aliorum
802 878 867 909 aut
886 871 1053 918 Fraude,
1072 878 1140 910 aut
1160 872 1279 911 nimio
1296 873 1393 912 Otio
1413 874 1619 925 profectae,
1634 875 1755 914 AEtati

287 943 430 974 nostrae
452 935 741 973 obtruduntur:
772 934 876 972 Novi
898 947 1015 984 quam
1037 934 1189 973 lubrico
1212 935 1249 972 in
1279 935 1368 973 loco
1388 943 1565 974 versetur
1583 937 1663 985 ille,
1686 937 1755 988 qui

287 999 326 1036 id
344 998 533 1044 elaborat,
555 1003 598 1036 ut
617 997 736 1035 alium
751 997 800 1035 de
816 1010 958 1047 genere
973 997 1187 1044 Orationis,
1207 997 1256 1036 de
1271 998 1500 1037 charactere
1513 999 1689 1049 dicendi,
1707 1000 1757 1039 de

288 1060 496 1098 verborum
519 1059 881 1109 sententiarumque
911 1059 1135 1105 luminibus,
1171 1072 1215 1097 ea
1250 1060 1534 1110 persentiscere
1569 1060 1757 1108 adducat,

287 1136 376 1173 quae
396 1122 477 1173 ipse
498 1135 630 1160 secum
646 1121 895 1173 experiatur;
925 1122 999 1160 sibi
1014 1122 1103 1160 licet
1120 1135 1196 1160 non
1211 1122 1336 1160 solum
1355 1122 1603 1173 persuadeat,
1624 1136 1757 1162 verum

286 1185 403 1223 ctiam
431 1184 655 1223 medullitus
685 1184 899 1236 concipiat,
929 1185 1177 1235 penitusque,
1199 1191 1238 1223 et
1270 1190 1375 1223 totus
1404 1185 1455 1223 ad
1484 1198 1572 1224 eum
1603 1199 1757 1224 sensum

287 1247 602 1297 sententiamque
629 1252 901 1298 componatur.
958 1247 1049 1284 Non
1077 1246 1200 1297 quod,
1221 1260 1310 1285 cum
1337 1247 1388 1285 de
1422 1248 1533 1299 Stylo
1559 1248 1757 1295 Auctoris,

289 1309 339 1347 de
372 1309 568 1348 scribendi
602 1309 899 1359 meditandique
937 1322 1092 1360 genere,
1123 1308 1172 1346 de
1206 1309 1482 1348 sententiarum
1514 1310 1693 1361 pondere
1720 1316 1760 1348 et

286 1371 491 1423 gravitate,
518 1371 566 1409 de
593 1372 727 1409 colore
757 1371 972 1418 Orationis,
991 1371 1211 1421 ceterisque
1232 1371 1270 1409 id
1291 1384 1413 1421 genus
1433 1371 1623 1422 disputes,
1645 1372 1759 1410 levis-

288 1436 420 1472 simam
448 1447 531 1471 eam
563 1433 820 1472 confirmandi
850 1434 1041 1473 rationem
1070 1447 1153 1472 esse
1174 1433 1421 1479 crediderim,
1444 1439 1510 1471 aut
1529 1433 1660 1483 potius
1681 1447 1760 1472 non

287 1497 391 1535 inea
421 1497 497 1534 vim
519 1496 646 1535 inesse
675 1496 905 1535 maximam:
935 1509 1069 1534 verum
1102 1509 1190 1534 cum
1223 1489 1273 1534 de
1302 1495 1348 1534 iis
1372 1495 1410 1533 in
1445 1496 1648 1547 publicum
1679 1497 1760 1535 dis-

286 1572 405 1606 seraS,
436 1573 481 1597 ea
502 1559 718 1610 disputatio
738 1558 938 1599 auditores
957 1558 1132 1609 postulat
1161 1557 1217 1606 (id
1248 1557 1357 1610 quod
1391 1572 1470 1596 non
1498 1571 1651 1611 semper
1674 1558 1760 1598 fieri

284 1621 400 1669 solet)
428 1621 569 1659 eodem
598 1621 798 1660 literarum
830 1634 973 1672 genere
999 1621 1190 1667 excultos,
1221 1620 1271 1658 ad
1304 1620 1524 1659 istiusmodi
1557 1620 1688 1659 studia
1718 1627 1760 1660 et

284 1684 416 1729 crisin,
438 1684 614 1734 auribus,
643 1696 759 1722 sensu
782 1683 991 1733 etjudicio
1010 1682 1291 1728 conformatos,
1312 1696 1382 1721 usu
1409 1682 1581 1733 denique
1607 1683 1759 1721 exerci-

284 1751 403 1791 tatos,
422 1752 541 1796 atque
557 1759 605 1784 eo
625 1746 783 1784 demum
805 1745 887 1783 otio
907 1744 1168 1790 abundantes,
1192 1756 1272 1795 quo
1292 1745 1376 1795 ipse
1396 1744 1550 1792 frueris,
1572 1746 1641 1795 qui
1660 1745 1758 1783 istos

284 1810 479 1847 Auctores
499 1822 522 1846 a
539 1807 681 1847 teneris
705 1807 927 1859 unguiculis
956 1806 1171 1851 edidicisti,
1201 1813 1322 1856 atque
1343 1807 1383 1844 iu
1403 1806 1449 1844 iis
1471 1807 1583 1858 quasi
1604 1820 1755 1859 expen-

284 1871 426 1910 dendis
445 1870 586 1909 fuisses
607 1870 829 1908 innutritus,

339 1934 580 1983 Quanquam
600 1932 711 1970 istius
731 1930 883 1982 generis
903 1931 1024 1969 multa
1044 1930 1210 1968 fortasse
1225 1929 1356 1968 afferri
1373 1930 1614 1980 potuissent3
1636 1937 1757 1982 atque

278 1994 371 2044 jure
393 1994 685 2042 contenderem,
706 2007 766 2031 me
785 1993 982 2044 ingenium
1002 1991 1211 2038 AEschinis‚
1231 1998 1270 2030 et
1290 1991 1475 2039 sonitum,
1495 1992 1570 2030 vim
1591 1998 1630 2031 et
1649 1995 1760 2031 vehe-

284 2057 486 2103 mentiam,
515 2057 579 2095 hic
609 2056 649 2094 in
678 2056 763 2106 ipso
797 2055 984 2093 AEschine
1015 2055 1253 2099 desiderare,
1283 2060 1534 2092 veruntamen
1564 2054 1758 2106 populari

284 2121 416 2171 potius
445 2121 621 2158 oratione
647 2131 762 2169 agere
796 2117 1009 2165 maluerim,
1028 2124 1150 2167 atque
1177 2116 1221 2154 iis
1251 2115 1491 2166 argumentis
1521 2117 1575 2154 uti
1610 2123 1755 2168 (neque

285 2196 376 2221 sane
410 2183 458 2220 iis
488 2181 700 2230 destituor)
720 2193 807 2232 quae
834 2193 949 2218 nemo
979 2178 1223 2230 profiteatur,
1245 2186 1311 2217 aut
1332 2178 1530 2226 reclamet,
1552 2192 1592 2217 se
1612 2181 1758 2218 sentire

285 2257 363 2283 non
384 2257 512 2295 posse.

340 2307 470 2344 Nemo
490 2305 608 2344 hodie
628 2305 666 2344 in
687 2305 749 2343 Re
770 2304 960 2342 Literaria
980 2304 1151 2355 reliquus
1173 2310 1245 2349 est,
1271 2303 1338 2355 qui
1370 2303 1643 2341 Demosthenis
1666 2304 1760 2354 Epi-

286 2370 407 2408 stolas
427 2367 633 2414 confictas,
655 2374 775 2418 atque
806 2367 871 2404 isti
891 2366 1038 2404 nomini
1057 2373 1203 2405 temere
1230 2372 1381 2404 assutas
1406 2378 1493 2403 esse
1522 2378 1600 2403 non
1633 2365 1761 2404 eredi-

285 2432 411 2470 derit:
442 2430 557 2469 Adeo
586 2442 787 2480 nunquam
817 2429 866 2467 de
893 2442 939 2467 ea
970 2442 1012 2467 re
1042 2429 1102 2467 vel
1132 2428 1290 2466 minima
1316 2426 1510 2465 exstiterit
1538 2427 1761 2465 Dubitatio.

286 2496 364 2533 Eas
391 2500 522 2532 tamen
550 2498 629 2530 tam
655 2505 791 2543 presso
819 2490 921 2543 pede
953 2492 1130 2543 sequitur
1155 2492 1270 2530 homo
1291 2497 1436 2537 noster,
1460 2495 1501 2527 ut
1526 2490 1684 2539 planum
1714 2490 1764 2527 le-

286 2563 401 2595 cturo
422 2556 506 2594 fieri
525 2554 664 2607 possit,
687 2554 755 2592 has
775 2560 882 2592 certe
903 2561 1080 2592 exaratas
1099 2565 1301 2603 nunquam
1320 2551 1454 2597 fuisse,
1473 2550 1512 2588 ni
1539 2551 1616 2587 illae
1645 2557 1761 2589 antea

284 2618 542 2657 exstitissent.
608 2616 729 2655 Verbi
762 2618 913 2667 gratia:
962 2616 1063 2660 Quae
1098 2615 1166 2653 ille
1209 2612 1673 2652 Pseudo-Demosthenes
1710 2612 1761 2650 de

286 2681 459 2732 Lycurgi
490 2679 621 2718 liberis
654 2677 901 2728 conscripsit,
934 2678 997 2716 hic
1032 2675 1419 2716 Pseudo-A·]sohines
1458 2675 1617 2726 excipit,
1651 2675 1761 2724 citat,

285 2750 404 2794 atque
426 2756 473 2780 eo
493 2747 721 2792 argumento
742 2752 832 2778 cum
863 2739 1025 2778 Civibus
1054 2741 1132 2777 suis
1163 2741 1201 2777 in
1229 2743 1427 2790 postrema
1459 2737 1639 2788 Epistola
1666 2737 1761 2787 agit.

285 2806 573 2843 Theramenem
597 2803 682 2850 Ille,
703 2801 956 2852 Melanopum
978 2801 1068 2847 Hic,
1090 2800 1276 2838 excitavit
1295 2800 1597 2845 obtrectatores,
1619 2798 1683 2849 qui
1715 2797 1763 2835 si-

287 2868 415 2905 milem
435 2867 570 2905 ludum
591 2866 785 2912 luderent,
807 2870 925 2914 atque
943 2872 1150 2914 utrumque
1167 2862 1339 2900 exsulem
1368 2868 1406 2900 et
1435 2862 1639 2899 absentem
1668 2874 1763 2898 con-

288 2931 398 2968 viciis
428 2930 535 2968 domi
563 2930 790 2968 lacerarent.
848 2927 961 2965 Adeo
979 2927 1109 2964 Pecus
1139 2924 1233 2963 illud
1256 2923 1496 2974 Scriptorum
1518 2935 1670 2972 semper
1690 2923 1763 2960 fuit

289 2993 524 3043 Μιμητικόνῑ
557 3005 683 3043 neque
713 2992 854 3030 existo
882 3003 996 3041 grege
1020 2989 1224 3039 quisquam
1254 3000 1424 3037 unquam
1453 2991 1608 3025 exortus
1633 2985 1761 3030 suerit,
