1932 3322
343 170 427 210 AD
461 168 558 210 OR.
592 168 781 210 AESCH.
814 164 934 208 PRO
970 164 1085 205 SUA
1121 164 1330 205 LEGAT.
1462 150 1572 199 343

149 261 224 292 ibid.
240 271 270 290 v.
287 270 356 300 pen.
378 259 431 293 ἑνὸς
446 258 550 301 ἀνδςδς]
577 259 684 289 Malim
699 256 752 288 οὐδ’
769 256 823 291 ἑνός

108 304 209 344 ἀνδρὸς,
232 313 378 334 summam
403 304 534 341 argenti,
559 312 597 333 ne
621 302 673 331 uni
697 301 823 340 quidem

107 348 242 387 captivo,
265 347 355 385 eique
379 346 544 375 mediocris
569 346 645 375 adeo
670 344 823 374 conditio-

107 390 155 420 nis
171 389 299 425 homini,
315 399 330 417 e
350 388 478 418 vinculis
500 388 670 423 liberando,
688 386 761 416 satis
778 387 823 415 fu-

106 438 216 463 turam.
254 433 381 461 Poterat
408 442 529 470 quoque
555 431 600 460 sic
627 430 746 459 dixisse
770 427 824 458 οὐδ’

107 475 160 509 ἑνὸς
175 475 275 516 ἀνδρὸς,
288 474 336 504 καὶ
351 473 452 503 τούτου
467 474 496 503 οὐ
517 470 578 502 λίαν
593 471 724 512 εὐπόρου,
743 473 824 501 ἱκανὰ

107 518 208 557 λύτρα.
234 519 314 547 Nam
339 522 372 546 ut
394 517 536 557 captivus
554 516 683 554 quisque
705 520 758 544 aut
782 515 826 544 lo-

107 562 226 601 cuples,
241 565 294 590 aut
309 570 428 598 pauper
444 564 537 595 esset,
554 559 597 588 ita
611 558 711 598 pluris
735 559 764 588 ei
789 558 825 587 li-

109 606 211 634 bertas
227 603 423 642 pauciorisve
439 602 659 632 aestimabatur.

154 647 181 686 §.
198 645 255 679 λΒ’.
274 656 304 685 p.
322 647 395 675 124.
421 656 450 675 v.
473 648 525 675 11.
548 644 728 686 διαμείνατε]
752 644 826 674 Scil.

108 690 241 730 εὖμενεῖς,
259 689 342 729 quod
359 689 464 718 nescio
480 699 516 718 an
531 688 696 717 exciderit.

150 733 226 763 ibid.
244 743 273 761 v.
291 735 342 762 1⁶2.
359 730 518 772 ὑπεθέμην]
542 731 581 760 Id
599 736 647 760 est
662 729 827 770 προεθέμην,

111 776 179 806 scil.
201 776 299 805 εἰπεῖν.
331 775 422 813 Quod
446 776 538 804 modo
562 775 774 813 proponebam
797 779 828 803 et

105 821 169 859 jam
183 818 368 858 incipiebam
386 817 502 847 dicere.

151 862 227 892 ibid.
245 872 276 891 v.
294 863 346 891 16.
370 860 471 901 εἰπεῖν]
499 859 581 890 Dedi
596 859 635 890 de
655 870 724 890 meo
743 858 830 896 εῖπον,

110 905 141 935 in
157 905 256 945 prima
271 914 405 944 persona
421 903 587 943 singularis
602 903 734 940 numeri,
750 904 830 933 dice-

110 950 186 979 bam.

151 1003 184 1032 p.
207 991 282 1022 125.
305 1001 337 1020 V.
360 991 391 1020 3.
415 988 549 1031 ἦξίωσαν]
586 989 662 1019 Scil.
689 989 701 1019 ὅ
726 989 826 1030 δῆμος.

111 1035 191 1072 Quae
207 1035 304 1064 forma
316 1044 385 1063 cum
402 1033 443 1063 sit
460 1033 635 1072 singularis,
650 1032 681 1063 vi
700 1033 829 1072 pluralis

109 1083 169 1115 est,
185 1083 216 1107 et
230 1077 411 1117 aequipollet
425 1077 479 1116 τῷ,
492 1077 514 1106 οἱ
530 1075 676 1106 Ἀθηναῖοι.
689 1077 740 1106 cui
757 1087 830 1106 con-

110 1121 248 1151 sentiunt
265 1120 469 1159 insequentia,
479 1121 575 1154 αὑτοῖς
589 1118 756 1155 κατέλιπον,
771 1118 831 1149 πεί-

109 1164 213 1200 θωσιν,
228 1162 371 1203 ᾠήθησαν,
387 1169 422 1192 ut
443 1163 564 1192 mireris
589 1163 670 1192 viros
695 1173 830 1192 summos

110 1207 141 1237 in
159 1218 193 1237 re
216 1211 278 1236 tam
303 1211 410 1245 aperta
433 1211 463 1235 et
487 1206 578 1235 obvia
599 1211 701 1235 tamen
725 1206 830 1244 lapsos

110 1261 192 1281 esse.
208 1250 368 1280 Revocavi
382 1247 502 1287 ἧξίωσαν
515 1254 546 1278 et
559 1247 727 1278 κατέλιπον.
752 1249 831 1278 Nam

109 1293 140 1323 in
157 1293 292 1323 editione
306 1292 433 1331 Taylori
450 1292 564 1331 legitur
576 1289 690 1329 ἦξίωσεν
703 1297 733 1321 et
743 1290 831 1321 κατέ-

109 1342 192 1368 λιπεν
215 1347 232 1366 e
247 1335 475 1376 paradiorthosi
493 1335 616 1365 Wolfii.

154 1380 231 1410 ibid.
244 1390 276 1409 v.
291 1382 343 1410 12.
357 1378 558 1419 προστασίαν]
582 1378 833 1417 Frontis-picium,

111 1424 191 1462 quod
219 1427 310 1453 staret
334 1427 402 1451 ante
425 1422 602 1451 Cadmeam.
628 1432 658 1450 v.
687 1422 770 1451 dicta
793 1423 831 1451 ad

111 1465 236 1506 Polybii
255 1477 286 1506 p.
300 1467 353 1499 79,
371 1466 425 1494 36.

152 1507 247 1549 §.xyst
263 1519 295 1548 p.
314 1509 388 1539 125.
406 1517 438 1537 v.
453 1508 504 1538 15.
522 1505 697 1548 ῧοιωτιοὶζει]
724 1508 833 1537 Potest

107 1553 171 1583 duo
188 1552 373 1592 significare,
392 1561 522 1589 quorum
546 1556 647 1580 utrum
668 1551 740 1580 huic
763 1551 832 1581 loco

109 1596 207 1635 magis
223 1594 400 1629 conveniat,
414 1593 482 1623 aliis
499 1594 642 1633 relinquo
658 1594 834 1633 dijudican-

111 1640 198 1669 dum.
222 1638 258 1679 1)
277 1648 339 1668 vox
356 1637 385 1667 ei
402 1647 540 1667 crassum
557 1637 672 1676 aliquid
691 1643 789 1673 sonat,
803 1642 834 1667 et

111 1683 206 1712 latum
222 1687 314 1721 atque
326 1680 491 1715 rusticum,
505 1680 680 1718 cujusmodi
692 1691 754 1710 vox
769 1686 834 1711 erat

114 1727 309 1756 Boeotorum.
326 1723 362 1763 Q)
379 1727 440 1754 stat
454 1733 472 1752 a
487 1723 628 1762 partibus
645 1725 833 1754 Boeotorum.

114 1780 145 1799 v.
161 1780 194 1808 p.
210 1770 283 1799 139.
307 1778 337 1798 v.
355 1769 386 1797 6.

156 1811 234 1842 ibid.
250 1822 280 1841 v.
297 1815 440 1849 antepen.
464 1807 580 1848 μέντοι]
604 1810 671 1839 Imo
684 1820 759 1839 vero
774 1807 832 1841 τοί-

111 1867 165 1885 νυν.
190 1854 340 1884 sententia
364 1852 514 1892 postulat,
536 1862 595 1881 non
620 1858 835 1890 verumtamen,

113 1899 167 1929 sed
183 1899 292 1938 igitur.
316 1898 441 1936 Ergone
459 1895 504 1924 sic
519 1895 605 1924 dedit
616 1896 835 1936 ἄπαγοξεύωμεν

112 1941 210 1977 τοίνυν,
226 1951 280 1982 age
303 1941 402 1979 itaque
424 1938 640 1968 interdicamus
661 1941 719 1979 ipsi
742 1941 834 1976 nobis,

111 1996 149 2015 ne
163 1985 295 2015 civitates
309 1985 386 2013 inter
401 1992 428 2012 se
443 1981 626 2011 collidamus.

155 2028 182 2068 ξ.
202 2025 256 2057 λδ’.
279 2037 311 2065 p.
333 2027 407 2056 126.
430 2035 461 2054 v.
478 2027 529 2055 19.
554 2025 624 2066 γὰρ]
649 2025 757 2055 Malim
784 2023 836 2056 οὖν.

112 2070 246 2102 Interim
259 2068 404 2100 revocavi
419 2069 484 2108 γὰρ,
494 2068 577 2107 quod
588 2068 656 2098 libri
666 2070 750 2103 dant,
758 2073 836 2099 tam-

113 2115 174 2145 etsi
209 2123 317 2152 parum
341 2111 483 2152 probem,
514 2122 571 2150 pro
598 2122 659 2152 quo
685 2113 778 2142 Wolf
809 2111 837 2142 δὲ

114 2158 294 2188 suffecerat.

155 2201 238 2231 ibid.
256 2211 286 2230 v.
304 2198 358 2229 ult.
375 2196 490 2239 ἔφευγε]
514 2198 613 2228 Redit
628 2198 665 2228 ad
681 2198 841 2229 Philocra-

114 2250 188 2276 tem.

157 2299 189 2327 p.
208 2288 283 2318 127.
299 2296 331 2315 v.
343 2287 374 2315 4.
390 2283 480 2325 τρίτον
495 2283 540 2325 δὲ]
561 2285 696 2315 Subaudi
713 2297 729 2316 e
747 2296 838 2326 supe-

111 2332 253 2362 rioribus
268 2328 469 2368 repetendum
482 2326 587 2369 διεξῇει.
602 2328 631 2358 ἰι]
646 2327 679 2358 τὸ
695 2330 840 2360 subaudi—

113 2379 164 2405 tur
188 2373 345 2413 ψῆφισμα.
361 2381 392 2401 v.
405 2381 486 2401 vers.
501 2373 531 2401 8.

159 2417 242 2448 ibid.
258 2427 288 2446 v.
306 2417 337 2445 8.
353 2413 388 2444 τὸ
407 2414 455 2443 καὶ
472 2414 533 2454 περὶ
556 2414 678 2455 συμμ.]
702 2417 840 2446 Tantun-

113 2461 152 2491 de
163 2471 193 2491 m
209 2464 269 2495 est,
287 2469 323 2488 ao
340 2458 366 2487 si
381 2457 514 2487 dixisset
531 2456 564 2487 τὸ
579 2460 688 2489 κελεῦον
709 2459 757 2488 καὶ
779 2460 840 2500 περὶ

109 2516 214 2544 συμμ,
226 2507 280 2533 aut
290 2502 325 2532 τὸ
339 2501 401 2539 mg}
423 2501 474 2530 τοῦ
488 2499 536 2529 καὶ
552 2501 622 2541 περὶ
636 2513 740 2541 συμμ.
757 2504 840 2533 conf.

110 2547 148 2576 ad
163 2558 194 2586 p.
208 2549 282 2577 120.
298 2546 391 2575 v.13.
408 2543 506 2579 dicta,
528 2548 560 2573 et
576 2545 614 2574 ad
632 2555 664 2584 p.
675 2548 748 2576 137.
766 2556 796 2576 ν.
808 2549 838 2577 8.

113 2590 256 2620 dicenda.

154 2633 231 2664 ibid.
254 2642 286 2662 v.
311 2633 362 2660 11.
387 2631 437 2661 ‘rina
464 2628 513 2660 ἐπ’
540 2630 658 2673 αὐτοὺς]
697 2631 837 2662 Exhibui

111 2677 160 2707 τῆν
181 2675 279 2710 αὑτοῦ,
294 2678 418 2704 auctore
443 2672 524 2703 libro
546 2674 675 2715 Georgii
698 2675 837 2714 Chryso-

113 2729 228 2749 cocoae.

154 2761 231 2792 ibid.
250 2771 282 2790 v.
301 2761 352 2789 18.
378 2760 428 2790 τῆν
453 2760 510 2788 τῶν
535 2762 720 2800 πραγμάτων
745 2761 837 2802 δεξα-

117 2802 210 2846 πείαν]
241 2803 397 2837 Studium‚
435 2802 518 2841 quod
534 2810 665 2842 poneret
682 2804 712 2833 in
730 2805 838 2834 emoli-

118 2847 200 2877 tione
213 2852 304 2886 atque
319 2845 510 2885 perfectione
529 2847 596 2884 ejus
613 2847 670 2884 rei,
686 2857 754 2887 quae
766 2857 838 2886 age-

119 2895 213 2926 retur,
227 2891 258 2920 h.
273 2900 301 2919 e.
317 2888 403 2927 pacis
420 2897 490 2917 cum
507 2888 665 2929 Philippo.

162 2932 188 2972 §.
205 2932 228 2963 ἑ.
254 2944 283 2972 p.
301 2933 376 2963 128.
406 2941 437 2960 v.
455 2932 484 2961 8.
521 2931 591 2972 περὶ
615 2935 670 2963 τῶν
695 2933 766 2974 ἱερῶν
788 2932 836 2962 καὶ

122 2975 178 3005 τῶν
190 2975 322 3017 Δελφῶν]
347 2975 396 3006 De
411 2973 596 3012 originibus,
606 2976 730 3013 juribus
746 2980 838 3015 atque

857 257 968 287 ritibus
982 255 1077 285 sacris
1091 255 1197 294 templi
1212 252 1487 293 Delphici,deinde
1499 262 1574 291 quo-

857 311 916 339 que
931 299 970 328 de
994 297 1164 338 originibus
1184 298 1367 336 juribusque
1392 296 1475 326 urbis
1501 295 1576 324 Det-

859 343 999 382 phorum.

901 385 978 415 ibid.
998 395 1028 414 v.
1052 388 1194 422 antepen.
1217 381 1401 421 ἀναστήσειν]
1432 380 1576 410 Concita-

859 435 959 458 turum
977 437 1047 457 esse
1065 427 1103 456 ad
1121 427 1299 455 societatem
1316 425 1389 454 belli
1411 435 1513 454 secum
1529 424 1577 453 in-

860 471 991 502 eundam
1006 470 1154 500 adversus
1167 469 1334 498 violatores
1352 478 1517 496 sacrorum.

902 515 979 543 ibid.
994 524 1023 543 v.
1037 523 1108 552 pen.
1127 511 1234 552 συνειδῇ
1249 522 1291 546 τι,
1308 510 1321 540 ἢ
1339 509 1423 544 ‹zi-rag
1438 509 1577 549 Βουλεύσῃ

860 557 906 598 τι]
932 558 993 586 Pro
1011 557 1110 595 primo
1133 567 1163 584 τι
1179 554 1283 584 malim
1303 564 1366 582 τινι.
1390 552 1526 593 Εσυλεύσῃ
1547 553 1576 581 h.

861 600 882 630 l.
895 601 975 629 idem
989 599 1081 634 valet,
1097 602 1187 638 atque
1197 598 1339 637 designet,
1353 595 1579 635 paretfacinns,

861 643 1059 678 machinetur,
1074 652 1105 671 v.
1119 651 1200 671 vers.
1218 645 1359 679 antepen.
1375 649 1405 676 p.
1428 641 1495 668 1⁹29.
1514 637 1577 675 pla-

862 687 932 716 nius
949 685 1084 715 dixisset
1099 683 1207 724 συνειδῇ
1226 694 1291 719 τινι,
1309 681 1323 713 ἢ
1344 680 1428 714 αὐτὸς
1442 681 1579 721 Βουλεύσῃ

862 740 905 758 τι.
928 729 959 759 Si
974 730 1103 759 conscius
1126 728 1217 757 alicui
1241 728 1277 756 sit
1289 724 1441 766 facinoris
1461 723 1580 754 sacrile-

861 774 950 814 giive,
966 777 1020 802 aut
1038 773 1095 811 ipse
1111 772 1170 800 tale
1186 770 1256 810 quid
1273 769 1423 798 moliatur.

907 815 932 854 ξ.
944 813 1001 850 λς’.
1018 825 1048 854 p.
1065 817 1137 846 129.
1155 824 1185 844 v.
1201 815 1251 843 12.
1270 809 1419 851 'Epa-gria]
1438 810 1581 839 Revoca-

865 858 907 893 vi,
924 869 992 888 nam
1016 858 1094 888 bene
1118 859 1221 891 habet,
1239 860 1395 895 expuncto
1412 852 1582 893 'EguSrpaTov,

864 902 947 941 quod
965 901 1056 932 Wolf
1075 901 1114 931 de
1136 910 1193 930 suo
1217 900 1354 928 dederat.
1381 896 1501 927 Eretria
1520 897 1582 925 Eu-

863 945 942 975 boeae
971 950 1028 975 est.
1076 945 1138 975 Sed
1165 943 1358 974 Euboeenses
1388 940 1461 970 item
1487 940 1581 969 Iones

864 993 960 1018 erant.

907 1031 983 1062 ibid.
1009 1042 1038 1060 v.
1062 1031 1114 1060 15.
1137 1029 1333 1071 ἀπεφηνάμην
1356 1025 1439 1068 εῖναι]
1463 1027 1494 1056 S.
1519 1025 1582 1060 δεῖν,

865 1086 933 1105 curn
948 1074 1078 1104 Wolfio.

908 1118 1028 1148 ibid.v.
1043 1119 1095 1148 16.
1116 1114 1267 1156 σωτηρίας]
1295 1113 1455 1144 Revocavi
1472 1113 1582 1142 bonam

866 1162 942 1191 hanc
958 1161 1134 1196 lectionem,
1153 1161 1293 1198 ablegato
1308 1157 1419 1187 vitioso
1432 1154 1584 1194 ἰσηγορίαν,

866 1205 949 1243 quod
964 1204 1054 1233 Wolf
1074 1204 1219 1242 vulgatae,
1236 1212 1325 1241 quam
1349 1210 1410 1229 non
1432 1198 1583 1236 intellige-

866 1251 925 1283 ret,
948 1251 1056 1286 sponte
1081 1257 1136 1276 sua
1160 1246 1333 1275 suffecerat.
1356 1240 1496 1281 σωτηρίας
1515 1241 1546 1270 h.
1562 1240 1585 1270 l.

867 1291 950 1320 idem
981 1290 1072 1326 valet,
1098 1295 1189 1328 atque
1218 1285 1393 1326 ἀσφαλείας,
1419 1284 1585 1314 securitate

868 1333 997 1373 spiritus
1025 1337 1115 1372 atque
1142 1334 1342 1365 fortunarum,
1369 1327 1585 1359 testificatione

868 1378 972 1406 verbis
988 1377 1147 1416 conceptis
1165 1375 1261 1411 edita,
1277 1372 1426 1403 neminem
1448 1371 1585 1410 ipsorum

868 1420 969 1450 damni
997 1420 1161 1459 quicquam
1193 1429 1261 1448 esse
1292 1421 1503 1454 accepturum,
1531 1414 1585 1443 sed

868 1464 995 1493 liberam
1016 1463 1127 1501 cuique
1150 1462 1215 1491 fore
1240 1463 1423 1500 potestatem
1441 1456 1586 1487 veniendi

869 1512 899 1536 et
916 1506 1061 1536 abeundi.
1084 1506 1205 1535 Salvum
1221 1503 1399 1533 conductum
1418 1501 1509 1539 vulgo
1529 1510 1583 1538 ap-

868 1550 992 1588 pellant.
1006 1548 1121 1578 σωσταῖ
1137 1552 1208 1577 sunt
1222 1546 1422 1580 conductores,
1435 1544 1486 1583 qui
1504 1553 1586 1572 com—

867 1597 1006 1623 meantes
1029 1603 1085 1630 per
1108 1591 1217 1621 itinera
1241 1590 1344 1619 salvos
1368 1593 1510 1626 tutosque
1529 1587 1587 1615 du-

869 1641 953 1672 cunt,
977 1636 1141 1665 reducunt.
1175 1632 1275 1672 σώζειν
1298 1636 1346 1661 est
1369 1630 1507 1660 comitari
1531 1639 1586 1668 per

868 1679 939 1716 iter,
955 1683 986 1708 et
1003 1690 1063 1718 quo
1082 1678 1148 1708 vult
1167 1677 1286 1706 salvum
1310 1675 1491 1714 perducere.
1515 1672 1586 1709 Quo

868 1723 908 1752 de
926 1722 1012 1752 verbi
1028 1721 1201 1761 significatu
1224 1719 1367 1758 pluribus
1390 1716 1521 1756 exposui
1548 1716 1586 1744 ad

869 1765 1063 1796 Constantini
1080 1764 1334 1803 Porphyrogenn.
1354 1759 1576 1790 Ceremoniale.

913 1808 990 1838 ibid.
1016 1819 1045 1838 v.
1069 1808 1124 1837 ult.
1148 1806 1228 1846 ἔφην]
1255 1809 1283 1834 Α
1298 1804 1414 1834 Wolfio
1437 1803 1587 1835 additum,

869 1863 928 1882 non
947 1851 1077 1881 alienum
1095 1851 1123 1880 id
1145 1850 1280 1888 quidem,
1298 1852 1505 1877 verumtamen
1529 1855 1587 1874 non

869 1896 961 1934 plane
984 1894 1202 1929 necessarium,
1226 1891 1383 1932 (centenis
1409 1889 1489 1919 enim
1513 1888 1590 1918 locis

870 1938 1073 1968 demonstrari
1090 1937 1190 1977 possit
1206 1936 1236 1965 in
1254 1933 1450 1964 contentione
1476 1931 1589 1962 oratio-

870 1982 965 2017 nis,et
975 1980 1204 2020 prosopopoeia,
1215 1989 1269 2008 seu
1280 1976 1472 2016 subjectione
1479 1975 1591 2005 verbo-

871 2036 936 2054 rum
950 2025 1100 2063 ipsorum,
1117 2022 1215 2052 omitti
1233 2022 1309 2050 istas
1325 2019 1453 2059 copulas
1471 2016 1590 2058 solere)

873 2069 930 2097 hoc
948 2067 1014 2107 ἔφην
1030 2067 1137 2106 igitur,
1151 2065 1231 2104 quod
1247 2075 1264 2093 a
1275 2063 1363 2092 libris
1380 2062 1521 2091 omnibus
1534 2071 1591 2090 ex-

874 2111 965 2147 sulat,
981 2111 1018 2140 ab
1035 2108 1225 2150 ipsoVVolfio
1242 2107 1405 2141 intrusum,
1419 2115 1526 2135 rursus
1539 2114 1592 2134 ex-

873 2154 950 2194 puli.

917 2208 948 2236 p.
963 2199 1035 2228 130.
1055 2207 1085 2226 v.
1100 2200 1128 2226 1.
1146 2193 1215 2234 παρ’
1229 2192 1263 2222 ὧν
1278 2192 1334 2233 μὲν
1347 2190 1467 2232 βοηθεῖς]
1491 2191 1528 2220 Id
1543 2194 1592 2220 est

875 2243 951 2281 παρὰ
966 2240 1072 2270 τούτων
1087 2238 1153 2280 μὲν,
1169 2235 1205 2271 οῖς·
1220 2235 1336 2272 Εοηθεῖς,
1356 2235 1481 2275 gratiam
1499 2235 1536 2263 ab
1554 2233 1592 2262 iis

876 2286 988 2314 nullam
1004 2285 1133 2318 resereS,
1145 2281 1258 2321 quibus
1276 2288 1450 2310 succurres.
1474 2276 1593 2316 Ingrati

875 2328 955 2358 enim
972 2338 1044 2366 erga
1061 2337 1116 2356 nos
1134 2335 1203 2355 cum
1227 2324 1350 2358 suerint,
1370 2321 1465 2351 multo
1482 2320 1594 2350 melius

877 2371 914 2401 de
929 2371 1006 2412 ipsis
1022 2370 1160 2404 meritos,
1176 2378 1264 2407 quam
1280 2371 1314 2397 tu
1330 2375 1460 2405 unquam
1483 2362 1594 2392 mereri

876 2415 1003 2453 poteris,
1021 2413 1166 2443 videntur
1183 2410 1280 2440 multo
1297 2409 1393 2448 magis
1409 2413 1529 2437 tuorum
1542 2407 1593 2434 be—

876 2458 1054 2488 neficiorum
1071 2457 1265 2486 immemores
1279 2463 1346 2483 esse
1364 2451 1471 2481 futuri.

920 2501 996 2531 ibid.
1015 2511 1044 2530 v.
1057 2502 1087 2530 3.
1105 2497 1283 2538 μέμνηνται]
1307 2494 1446 2525 Thebani
1465 2496 1551 2532 puta.

920 2544 998 2574 ibid.
1021 2554 1051 2572 v.
1076 2545 1106 2572 4.
1132 2539 1201 2570 ἀλλ’
1217 2540 1244 2569 οὗ
1268 2538 1373 2578 φίλοις]
1397 2538 1466 2567 Non
1490 2545 1597 2573 repre-

875 2587 991 2623 hendo,
1005 2585 1154 2616 addubito
1170 2589 1281 2617 tamen,
1294 2592 1329 2611 an
1344 2591 1402 2610 nun
1415 2579 1518 2619 potius
1530 2587 1599 2606 ora-

875 2635 921 2660 tor
939 2630 1060 2660 dederit
1075 2626 1146 2657 ἀλλ’
1165 2627 1179 2657 ἢ
1197 2627 1225 2656 οὗ
1246 2625 1346 2664 φίλοις.
1370 2621 1597 2653 Demosthenes

874 2674 998 2712 quidem
1016 2673 1060 2702 sic
1076 2670 1162 2710 loqui
1181 2669 1273 2703 solet,
1288 2668 1402 2705 aliique
1419 2665 1523 2695 Attici.

919 2717 996 2747 ibid.
1012 2727 1042 2745 v.
1061 2718 1111 2746 1‘2.
1137 2711 1265 2752 δυνατὸς]
1294 2709 1481 2740 Rariusculo
1507 2716 1596 2736 sensu

873 2771 928 2800 pro
949 2758 1098 2800 ἐγκρατής.
1145 2756 1206 2785 Sed
1227 2755 1271 2784 sic
1288 2753 1451 2783 AEschines
1464 2752 1527 2789 jam
1548 2760 1599 2779 su-

874 2814 928 2843 pra
939 2813 1060 2842 quoque
1073 2812 1104 2840 p.
1119 2800 1191 2829 115.
1205 2808 1235 2826 v.
1249 2800 1298 2827 15.
1315 2795 1480 2826 secundum
1492 2793 1598 2823 Mead.

915 2846 941 2886 ξ.
958 2845 1013 2886 λζ’.
1029 2856 1060 2884 p.
1078 2846 1152 2873 130.
1170 2853 1200 2871 v.
1214 2843 1266 2870 2'0.
1284 2838 1435 2878 Βοιωτίας]
1464 2836 1547 2866 Dedi
1569 2840 1599 2865 ct

873 2894 968 2919 marte
986 2899 1054 2918 meo
1071 2893 1101 2916 et
1117 2884 1294 2915 auctoribus
1311 2882 1400 2912 mstis
1420 2878 1552 2911 Βοιωτίαν
1568 2878 1597 2907 ἰιι

872 2931 1071 2965 Aoeusntivo,
1098 2935 1132 2958 ut
1155 2927 1247 2967 paulo
1271 2931 1342 2965 post
1370 2924 1433 2965 οὐχὶ
1460 2921 1596 2953 Βοιωτίαν

873 2975 980 3010 Θήβας.
994 2974 1071 3011 Qum
1083 2971 1178 3002 lectio
1191 2970 1234 3000 ibi
1246 2969 1325 2999 haud
1337 2973 1384 2998 est
1394 2965 1601 2998 sollicitanda,

1920 2869 1932 3089 lau—*5⁴*1-O‘V3'5o—
1924 2838 1929 2843 .
1922 2794 1924 2798 .

1917 3082 1932 3322 Q
