1932 3322
496 186 581 228 AD
616 185 713 228 OR.
747 185 798 227 C.
829 182 1230 226 TIMARCHUM.

173 276 252 309 ibid.
269 287 300 308 v.
313 279 346 307 4.
369 275 534 319 ἧπεῖλησεν]
557 277 748 317 Aristophon
769 279 846 316 puta

133 321 349 361 Hegesandro.

174 364 250 394 ibid.
267 375 296 394 v.
315 366 344 394 6.
362 363 464 404 αὑτοῦ]
486 362 683 402 Hegesandri
695 367 780 401 puta.

173 406 250 437 ibid.
276 418 305 437 v.
329 409 360 437 7.
388 409 493 446 πςῶτοι
514 405 603 446 οὗτοι]
633 407 720 436 Bene
743 405 846 434 habet.

131 450 209 479 male
235 450 355 485 suadet,
371 450 422 489 qui
444 450 543 479 deleri
563 449 637 479 vult.
665 448 847 478 subauditur

131 494 251 522 τοιοῦτοι
275 492 360 526 ὄντες.
403 492 449 521 Hi
465 491 612 526 homines,
628 491 845 529 Hegesander,

131 536 300 575 Crobylus,
313 537 408 565 frater
432 537 511 574 ejus,
526 539 557 564 et
571 534 764 569 Timarchus,
780 545 844 563 om-

131 579 215 608 nium
231 579 323 618 primi
339 577 466 609 consilia
481 577 570 607 vobis
591 578 631 607 de
650 579 742 607 rebus
759 578 845 607 Grae-

132 621 189 651 ciae
212 622 298 658 dare,
323 621 447 651 tametsi
473 621 549 650 tales
577 625 692 656 essent,
709 621 845 650 homines

131 669 206 703 puta
220 664 345 704 impuri,
360 663 475 703 stupris
495 664 611 694 mutuis
636 664 845 693 contaminati.

131 709 210 738 Nam
232 712 300 738 ante
323 717 376 737 eos
393 717 481 736 nemo
495 707 564 741 fuit,
578 706 704 745 paribus
722 706 846 746 flagitiis

130 754 303 786 contactus,
329 750 381 789 qui
405 760 498 779 ausus
524 756 609 780 esset
635 760 733 789 remp.
755 749 846 780 attin-

131 804 215 833 gere,
237 799 269 824 et
292 792 457 823 conciones
479 793 518 822 ad
534 803 591 823 vos
606 793 644 823 de
666 794 759 823 rebus
783 798 846 823 tam

131 838 278 877 gravibus
291 837 415 867 habere.

171 879 199 920 ς.
216 879 259 910 ιδ’.
275 891 309 920 p.
332 882 386 912 34.
407 890 438 911 v.
454 880 508 910 15.
525 877 647 920 τοῦψον]
670 881 782 910 Forum
798 878 847 919 pi-

130 934 274 954 scanum.

172 967 249 997 ibid.
274 977 305 997 v.
330 967 388 996 ult.
418 965 520 997 ἐπειδὴ
551 964 577 996 ἒν
598 965 643 1004 ‘rofi
675 964 847 1006 δικαστηρίῳ

128 1008 233 1051 ἐσμὲν]
250 1009 313 1040 Ubi
330 1019 397 1049 quae
413 1014 534 1039 actores
550 1009 633 1038 aiant
650 1013 682 1039 et
693 1009 848 1048 jactitent,

129 1063 188 1082 non
205 1053 307 1083 omnia
327 1053 373 1082 sic
390 1052 582 1093 simpliciter,
599 1052 683 1082 nullo
705 1053 847 1082 examine

129 1096 281 1133 adhibito,
304 1096 482 1132 creduntur,
507 1096 563 1125 sed
586 1095 732 1125 affirmata
758 1095 848 1125 testi-

129 1139 240 1169 moniis
265 1144 295 1169 et
316 1139 472 1169 evidentia
487 1139 739 1169 documentorum
760 1139 846 1169 evin-

129 1182 226 1212 cenda
240 1187 321 1213 sunt.

171 1235 203 1264 p.
225 1227 278 1256 35.
294 1236 325 1255 v.
341 1226 372 1255 7.
397 1224 581 1265 προπέμψαι
599 1224 679 1266 ἀὐτῇ
699 1225 750 1257 τῆς
773 1224 847 1258 δίκης

128 1267 267 1308 ἄρασθαι]
292 1268 343 1298 Sic
358 1268 446 1298 dedit
467 1268 653 1307 Stephanus.
675 1267 741 1298 Alii
757 1278 845 1308 προσ--

129 1310 265 1351 πέμψαι.
287 1311 384 1341 Panlo
407 1310 440 1340 id
462 1311 587 1351 quidem
617 1311 742 1340 melius.
765 1311 846 1341 Nam

128 1355 255 1384 verbum
271 1352 474 1394 πςοσπέμπειν
487 1354 588 1384 locum
603 1354 654 1384 hic
675 1354 779 1388 habet,
802 1354 846 1383 al·

127 1401 227 1428 terum
241 1398 372 1427 nullum.
405 1398 522 1438 Taylor
537 1401 668 1428 testatur
689 1397 720 1427 in
743 1397 845 1436 aliquo

128 1441 237 1471 codice
267 1441 421 1480 reperisse
447 1440 589 1471 additum
613 1440 751 1470 διάλυσιν.
788 1441 845 1470 Se-

127 1495 204 1524 quor
216 1484 314 1514 facem
329 1483 378 1513 his
393 1483 424 1513 in
440 1484 576 1514 tenebris
591 1482 694 1513 subito
711 1483 845 1512 emican-

126 1532 200 1563 tem,
215 1537 401 1566 gressusque
417 1531 560 1557 nutantes
576 1536 632 1564 per
648 1531 734 1555 certa
748 1525 844 1556 vesti-

125 1571 177 1610 gia
190 1571 229 1600 ad
245 1569 310 1600 veri
324 1571 418 1599 sedes
434 1570 618 1606 ducentem3
635 1573 666 1598 et
681 1566 727 1598 sic
740 1578 844 1598 emen-

125 1614 166 1643 do
188 1614 291 1644 locoru
310 1613 394 1642 huno
419 1622 490 1642 meo
514 1616 624 1647 marte,
643 1610 845 1652 προσπέμψας

120 1657 202 1696 αὐτῷ
214 1656 344 1686 διάλυσιν
359 1657 410 1689 τ’ἤς
426 1653 500 1689 δίκης
513 1653 657 1696 εὕρασθαι,
675 1653 845 1684 Pittalacus

120 1700 232 1736 aiebat,
246 1710 275 1729 se
296 1699 333 1729 ab
355 1699 546 1739 Hegesandro
570 1707 624 1737 per
644 1698 845 1727 internuncios

121 1753 144 1772 a
158 1753 187 1773 se
201 1743 242 1773 ad
262 1742 350 1773 illum
364 1743 459 1772 missos
474 1741 664 1772 cassationem
677 1739 743 1782 (vel
760 1740 844 1771 abro-

122 1785 292 1827 gationem)
308 1785 368 1815 litis
381 1787 558 1823 impetrasse.

168 1829 246 1858 ibid.
263 1840 295 1859 v.
312 1830 365 1859 13.
381 1827 430 1857 καὶ
445 1829 487 1858 τοὶ
502 1826 580 1868 ἑξῆς]
604 1828 676 1857 Non
693 1830 763 1857 sunt
777 1827 843 1857 haec

125 1871 296 1902 testimonii
318 1881 405 1911 pars,
424 1871 481 1901 sed
503 1875 555 1901 aut
578 1875 650 1900 sunt
667 1870 766 1909 ipsius
788 1871 845 1900 AE-

127 1915 255 1951 schinis,
267 1919 320 1945 ant
335 1913 544 1951 librariorum,
555 1914 582 1944 si
595 1913 706 1949 mavis,
718 1913 843 1944 taedium

125 1958 326 1989 exscribendi
335 1956 692 1998 compendifacientium‚
705 1967 783 1996 quos
795 1967 845 1987 ea-

126 2003 196 2033 dem
212 2002 325 2032 iterare
341 2001 475 2041 pigeret,
491 2001 519 2031 si
542 2000 673 2030 formula
687 2000 778 2039 hujus
798 2005 845 2030 te-

129 2045 267 2075 stimonii
283 2045 390 2074 eadem
406 2044 467 2074 fuit
481 2054 551 2073 cnm
564 2043 745 2083 superioris.

170 2099 204 2128 p.
220 2090 274 2119 36.
290 2098 320 2118 v.
336 2090 368 2117 1.
385 2086 587 2128 Λαοδάμαντι]
612 2088 711 2116 Deest
725 2086 775 2116 hic
791 2086 845 2116 ali-

127 2131 215 2171 quid.
232 2142 262 2161 e.
278 2142 305 2161 c.
320 2129 376 2169 ἐγὼ
391 2130 584 2170 συνεγενόμην,
603 2130 846 2169 quemadmodum

127 2185 180 2216 ego
197 2174 268 2205 olim
285 2173 486 2204 Laodamantz·
507 2174 682 2208 cohabitavi,
697 2183 755 2212 pro
779 2173 846 2212 pel-

126 2218 198 2248 lice.
215 2222 268 2248 aut
283 2218 346 2257 leg.
362 2216 520 2257 Λαοδάμας
534 2215 610 2257 ἐμοὶ,
623 2215 790 2247 Laudamus
803 2227 847 2247 me

127 2259 289 2303 ususfuit.
315 2261 387 2291 Non
403 2260 496 2297 enim,
508 2260 542 2290 id
555 2260 637 2299 quod
650 2260 847 2299 insequentia

127 2304 254 2342 docent,
263 2303 446 2335 Timarchus
458 2303 659 2335 Laodamanti
671 2303 847 2341 succubuit,

130 2348 187 2378 sed
202 2347 420 2387 Hagesander.
457 2347 683 2377 Testimonium
699 2347 760 2377 hoc
772 2357 845 2387 pro-

128 2392 265 2430 ponebat
289 2390 456 2422 AEschines
482 2391 688 2430 Hegesandro
714 2391 847 2421 recitan-

130 2434 213 2465 dum.
245 2436 289 2465 At
302 2434 356 2464 ille
371 2435 542 2464 recusabat.
581 2434 847 2471 Quemadmodum

126 2477 190 2516 jam
202 2481 272 2508 ante
285 2477 428 2517 Misgolae
443 2477 611 2508 testimonii
622 2477 784 2507 formulam
798 2488 847 2507 re-

131 2520 286 2551 citandum
310 2521 484 2558 obtulerat3
515 2531 607 2561 quam
636 2524 668 2550 et
696 2520 751 2551 ille
779 2521 849 2560 pari

131 2564 223 2594 modo
238 2568 449 2600 recusaverat,
463 2568 498 2594 ut
513 2564 572 2594 sibi
586 2563 832 2604 ignominiosam.

176 2606 254 2637 ibid.
271 2618 301 2638 v.
317 2609 349 2638 3.
364 2607 413 2637 οὒκ
432 2606 553 2649 ἦγνόουιι]
577 2608 641 2637 Pro
664 2607 694 2637 οὐ
709 2605 789 2647 μόνον
804 2607 853 2637 οὔκ.

132 2648 248 2688 ἧγνὸουν.
282 2651 344 2681 Sed
370 2650 418 2681 illi
440 2649 697 2691 breviloquentiae
721 2650 853 2681 studiosi

132 2693 232 2723 Attici
248 2693 349 2724 solent
367 2693 448 2724 illud
466 2694 496 2724 οὗ
511 2693 593 2733 μ’όνον
613 2693 765 2724 similibus
778 2694 852 2724 huic

132 2733 212 2765 locis
227 2735 384 2773 omittere,
393 2747 442 2767 me
455 2737 580 2777 quidem
593 2737 675 2768 haud
689 2737 851 2777 probante.

134 2777 251 2809 Verum
263 2779 308 2809 ita
323 2780 435 2810 solent.

176 2821 254 2852 ibid.
268 2832 299 2853 v.
310 2823 430 2864 7.ἇνῆς]
447 2823 649 2863 Hegesander
661 2828 748 2864 puta.
772 2824 853 2854 Haec

135 2864 237 2895 omnia
250 2875 350 2904 usque
365 2866 404 2896 ad
419 2865 466 2906 ἐφ’
480 2863 502 2906 ᾁῖ
516 2877 612 2898 versu
627 2871 658 2901 9.
674 2867 791 2898 ironice
806 2867 854 2898 di-

135 2909 186 2937 cta
198 2907 326 2939 mirifice
341 2915 492 2950 pungunt.

178 2960 209 2990 p.
233 2953 288 2982 3⁷.
312 2962 344 2983 v.
373 2956 403 2982 1.
431 2952 549 2994 τούτου]
585 2953 740 2986 Timarchi
768 2958 853 2994 puta.

136 2992 295 3032 ὑπερβολὰς
325 2991 481 3027 Timarchi
511 2996 649 3037 appellat
683 2997 854 3039 projectam

184 3044 261 3067 vot..
281 3047 304 3067 r.

1486 171 1598 227 329

879 276 946 314 ejus
962 273 1140 313 patientiam
1160 273 1199 302 ad
1221 272 1400 312 turpissima
1415 283 1544 312 quaeque
1566 277 1599 302 et

880 322 1027 347 extremae
1052 316 1184 346 infamiae
1201 317 1345 355 exempla
1367 326 1494 355 corpore
1519 316 1598 346 tole-

879 362 1018 396 randum,
1044 364 1075 388 et
1102 360 1253 398 imperata
1283 370 1423 397 quaeque,
1453 358 1595 398 quamvis

878 405 961 433 soeda
982 409 1013 433 et
1027 402 1164 441 indigna,
1183 402 1432 440 perpetrandum.
1468 402 1599 432 Senten-

879 446 953 476 tiam
966 446 1045 476 vidit
1060 446 1200 476 Jurinus.

922 490 998 520 ibid.
1016 487 1113 529 αὐτὸν]
1139 487 1237 518 Redit
1253 488 1292 517 ad
1309 487 1562 526 Hegesandrum.

921 533 998 562 ibid.
1020 531 1156 572 δόξαντα]
1197 531 1280 561 Dedi
1308 531 1346 560 de
1373 541 1441 559 meo
1472 530 1596 569 δόξοντα.

880 577 942 606 Res
959 576 1003 605 sic
1025 575 1129 604 habet.
1148 574 1352 613 Hegesander
1379 573 1597 602 Leodamantis

879 620 1034 658 quondam
1055 622 1189 647 scortum
1205 618 1316 647 fuerat.
1352 616 1403 646 Ibi
1425 616 1597 645 Leodamas

879 664 917 692 ab
935 662 1152 701 Hegesandro,
1165 665 1198 690 ut
1210 661 1303 690 herus
1318 670 1336 689 a
1352 669 1455 694 servo,
1470 659 1598 697 indigna

878 706 975 735 multa
994 710 1026 735 et
1046 704 1169 734 infanda
1189 714 1258 733 cum
1279 703 1398 742 exegit,
1412 706 1478 732 tum
1499 702 1599 740 impe—

879 749 982 779 travit.
1010 748 1214 778 Postmodum
1228 746 1443 786 Hegesander‚
1455 755 1515 784 quo
1526 745 1596 774 loco

878 792 946 831 ipse
969 801 1067 832 penes
1091 791 1200 820 herum
1223 791 1334 825 fuerat,
1355 789 1464 818 eodem
1488 797 1597 818 rursus

878 835 988 865 habuit
1001 835 1206 865 Timarchum.
1233 833 1296 863 Sed
1308 832 1405 862 multo
1416 831 1584 861 intolerabi
1596 846 1600 849 -

879 879 957 909 liora
978 879 1017 909 ab
1041 878 1100 907 hoc
1122 877 1175 907 ille
1191 876 1373 917 postulavit,
1388 875 1440 905 hic
1454 875 1500 905 illi
1516 885 1596 915 prae-

880 922 972 952 stitit.
1011 921 1159 952 Defensio
1173 919 1372 959 Hegesandri
1388 919 1454 948 haec
1470 923 1547 953 erat,
1563 922 1600 947 ut

880 966 1010 1002 diceret,
1027 974 1094 1004 quae
1118 974 1136 993 a
1158 975 1191 994 se
1215 962 1417 994 Leodamanti
1431 965 1536 992 essent
1550 960 1600 991 in-

880 1009 979 1044 dulta,
1002 1008 1099 1038 multo
1124 1017 1161 1037 ea
1190 1017 1257 1037 esse
1286 1005 1477 1041 honestiora,
1506 1014 1598 1044 quam

881 1063 948 1091 quae
963 1050 1145 1082 Timarchus
1164 1050 1225 1080 sibi
1248 1049 1442 1084 indulsisset,
1459 1052 1494 1078 ut
1509 1057 1599 1087 paene

879 1095 980 1126 videri
992 1099 1099 1133 posset
1115 1098 1257 1133 stuprum
1272 1103 1332 1122 non
1347 1102 1417 1122 esse
1431 1100 1555 1130 passus,
1572 1090 1600 1120 si

879 1138 1030 1178 patientia
1047 1148 1103 1168 sua
1125 1148 1194 1167 cum
1215 1135 1370 1166 Timarchi
1393 1137 1600 1175 comparetur.

879 1180 1088 1220 ἐπιτάγματα
1115 1181 1146 1210 h.
1162 1181 1183 1211 l.
1212 1184 1282 1209 sunt
1307 1177 1439 1217 imperia
1465 1176 1600 1207 cinaedo-

878 1234 959 1260 rum,
982 1224 1173 1262 aliorumque
1199 1222 1402 1262 impurorum,
1418 1220 1472 1260 qui
1488 1219 1600 1250 scortis

880 1267 944 1297 suis
959 1267 1043 1298 foeda
1058 1272 1090 1297 et
1105 1265 1229 1297 infanda
1244 1265 1414 1305 imperant3
1430 1264 1516 1299 item,
1531 1272 1600 1303 quae

880 1315 982 1341 scorta
1008 1321 1026 1341 a
1052 1311 1117 1341 suis
1146 1308 1373 1348 stupratoribus
1400 1307 1542 1347 exigunt,
1566 1310 1601 1335 ut

879 1358 981 1384 emant
1004 1358 1035 1385 et
1056 1354 1115 1384 sibi
1140 1354 1266 1383 donent.
1284 1362 1315 1382 v.
1332 1362 1365 1391 p.
1382 1353 1435 1383 38.
1459 1361 1491 1380 v.
1515 1353 1600 1379 ante-

878 1408 949 1438 pen.
963 1402 993 1427 et
1013 1408 1046 1437 p.
1063 1397 1116 1428 45.
1130 1407 1161 1427 v.
1176 1399 1228 1427 21.
1239 1395 1329 1425 Idem
1342 1399 1401 1429 est,
1415 1404 1450 1423 ac
1464 1392 1490 1422 si
1501 1391 1602 1422 dixis-

879 1445 927 1471 set
939 1441 1005 1470 ὡσεὶ
1014 1440 1098 1475 αὐτ-ὂς
1111 1439 1334 1480 [Hagesander
1345 1437 1436 1478 puta]
1451 1435 1534 1474 δόξειε
1543 1434 1602 1475 μὲ-

879 1494 944 1522 τρια
960 1483 1151 1519 πεποιηκέναι,
1177 1483 1200 1512 εἰ
1225 1478 1432 1522 *ιι-παραβληθείη
1456 1481 1497 1509 ’τὰ
1521 1477 1603 1517 αὐτῷ

879 1524 1072 1566 πεπραγμένα
1086 1525 1150 1567 πρὸς
1163 1525 1361 1565 Λεωδάμαντα
1376 1523 1437 1557 τοῖς
1452 1521 1534 1561 αὐτῷ’
1549 1519 1603 1552 bn&

879 1570 930 1598 τοῦ
945 1570 1100 1610 Τιμάρχου
1118 1567 1346 1608 ὑπηξετημὲνοις.
1371 1565 1499 1597 τοσαύτη
1522 1563 1602 1594 ἐστὶν

880 1611 1019 1653 ὑπερβολὴ
1043 1615 1099 1642 τῶν
1120 1612 1221 1642 τούτου
1239 1610 1408 1651 [Timarchi
1430 1607 1522 1650 puta]
1540 1607 1603 1637 ὄνει-

880 1654 929 1685 &ezr
940 1656 990 1685 καὶ
1005 1656 1218 1697 αἰσχρουξγιῶν.

923 1698 950 1737 §.
966 1698 1000 1728 ιὲ.
1016 1709 1048 1738 p.
1065 1701 1170 1730 37.1v.
1188 1701 1218 1730 8.
1240 1697 1255 1728 ἢ
1271 1696 1316 1731 τίς
1339 1695 1416 1731 εἶδεν,
1433 1694 1446 1725 ii
1470 1693 1515 1728 τίς
1538 1692 1568 1724 ἦν
1585 1693 1598 1723 ὁ

880 1740 995 1781 τρόπος]
1020 1741 1174 1772 Videntur
1199 1740 1350 1771 scholium
1377 1748 1500 1778 sapere,
1524 1736 1602 1767 nihil

880 1785 1004 1824 quidem
1019 1785 1129 1815 dicunt
1141 1785 1238 1820 aliud,
1249 1793 1340 1823 quam
1354 1782 1524 1823 praemissa.

923 1827 1001 1857 ibid.
1017 1839 1049 1858 v.
1067 1831 1097 1859 9.
1114 1826 1258 1870 λέγοντες]
1287 1827 1325 1856 Id
1356 1830 1404 1856 est
1425 1825 1604 1867 πράττοντες

879 1869 906 1900 ἓν
919 1871 962 1910 τῷ
981 1870 1080 1910 λέγειν.

922 1925 954 1953 p.
979 1917 1032 1945 38.
1049 1926 1081 1945 v.
1099 1917 1129 1945 2.
1145 1913 1268 1956 ἀνάγκῃ]
1297 1915 1384 1944 Bene
1404 1913 1509 1942 habet.
1531 1920 1603 1950 pro-

881 1957 995 1988 stibula
1025 1958 1084 1988 ista
1114 1958 1277 1998 utriusque
1316 1966 1411 1986 sexus
1448 1954 1604 1993 mancipia

881 2006 979 2038 erant,
1008 2001 1112 2032 lenoni
1139 2006 1224 2031 certa
1252 2011 1314 2030 aera
1346 1998 1506 2035 merentia,
1534 2006 1603 2036 quae

881 2044 1011 2084 proinde
1027 2046 1065 2074 ab
1085 2045 1160 2074 hero
1176 2048 1316 2084 possent,
1331 2041 1453 2072 etiamsi
1473 2041 1603 2074 nollent,

882 2087 913 2117 vi
930 2089 969 2117 ad
991 2087 1170 2118 merendum
1187 2087 1266 2127 cogi.
1303 2087 1376 2116 Non
1398 2085 1516 2115 licebat
1540 2082 1605 2112 illis

882 2130 1016 2169 aliquem
1030 2141 1073 2162 aes
1098 2131 1278 2161 offerentem
1298 2128 1440 2167 rejicere.
1475 2130 1606 2158 Constat

882 2184 899 2203 e
914 2175 1125 2215 Xenophonte
1139 2173 1288 2214 Ephesio.
1319 2172 1379 2202 Vel
1393 2171 1496 2202 adhuc
1509 2168 1604 2200 hodie

882 2218 987 2247 multae
1002 2218 1136 2253 miserae,
1150 2228 1226 2256 quas
1252 2217 1384 2246 adversa
1405 2225 1460 2244 sua
1481 2224 1550 2244 sors
1573 2211 1606 2241 iu

881 2261 1010 2300 lupanar
1025 2261 1171 2296 detrusit,
1186 2259 1365 2291 violentiam
1381 2263 1413 2288 et
1434 2256 1605 2288 immanita-

881 2308 942 2335 tem
971 2305 1071 2335 brutae
1095 2303 1237 2334 libidinis
1261 2301 1439 2333 necessario
1463 2301 1607 2333 tolerant,

881 2348 1082 2384 reluctantes,
1107 2358 1178 2377 cum
1209 2345 1326 2388 gemitu
1362 2350 1393 2376 et
1419 2341 1609 2375 exsecratio-

881 2391 980 2422 nibus.

925 2434 1003 2464 ibid.
1020 2446 1049 2465 v.
1067 2437 1098 2465 6.
1124 2435 1179 2477 οὐχ
1200 2433 1328 2476 ὁρῶντες]
1353 2432 1404 2463 Sic
1428 2431 1501 2462 olim
1522 2430 1607 2468 lege-

882 2478 972 2509 batur
984 2478 1016 2507 h.
1033 2478 1055 2509 l.
1074 2477 1198 2518 praetuli
1219 2478 1267 2507 οὐκ.
1284 2476 1395 2509 εἰδότες.
1413 2473 1536 2505 tametsi
1552 2482 1607 2501 ne·

883 2522 962 2558 scio,
977 2531 1014 2551 an
1034 2522 1132 2552 satius
1148 2521 1243 2552 suerit
1265 2526 1424 2557 utramque
1440 2516 1605 2548 lectionem

883 2565 1036 2605 copulari,
1053 2565 1108 2606 οὐχ
1123 2565 1248 2605 ὅςῶντες,
1265 2562 1319 2592 οὐδ’
1335 2562 1446 2595 εἰδότες.

930 2608 1009 2639 ibid.
1028 2619 1059 2639 v.
1081 2610 1111 2638 8.
1130 2605 1317 2648 γνωρίζοντες]
1343 2605 1426 2635 Dedi
1452 2601 1609 2642 γνωρίζετε,

887 2652 1044 2682 noscitatis.

930 2695 1007 2726 ibid.
1024 2705 1056 2724 v.
1074 2696 1106 2725 ¹7.
1122 2695 1174 2727 τῆς
1189 2689 1338 2734 ἐργασίας]
1361 2693 1397 2722 F.
1413 2688 1472 2721 ἀπὸ
1494 2690 1545 2722 τῆς
1567 2686 1609 2728 ἐς·

887 2738 1004 2776 γασίας.

930 2782 1008 2812 ibid.
1026 2792 1057 2811 v.
1075 2783 1126 2811 13.
1142 2775 1504 2817 mecummet-stasim]
1532 2774 1608 2805 Cum

889 2821 1041 2855 vocabulo
1054 2824 1195 2864 magniscam
1208 2822 1351 2862 copulata
1364 2821 1396 2850 in
1410 2830 1443 2850 se
1459 2829 1517 2849 nou
1532 2818 1609 2849 adeo

889 2873 975 2898 erant
990 2867 1170 2897 damnanda.
1195 2867 1418 2899 Veruntamen,
1429 2873 1499 2892 eum
1508 2861 1610 2901 ἀσύμ-

888 2910 969 2943 Βολον
992 2912 1182 2950 insequatur,
1207 2919 1267 2938 non
1291 2907 1470 2948 ἀσύμβολος,
1485 2905 1611 2936 videtur

887 2954 994 2993 utique
1009 2959 1153 2984 neutrum
1170 2953 1200 2982 iu
1216 2953 1246 2982 h.
1260 2952 1282 2982 l.
1295 2960 1424 2991 regnare
1440 2950 1566 2981 debere.

930 2998 1007 3028 ibid.
1025 3007 1054 3027 v.
1071 3001 1214 3036 antepen.
1226 2992 1444 3035 ἐπιτάγματα]
1466 2994 1608 3024 Scortum

889 3041 907 3059 '²‘
922 3043 940 3071 Ξ
960 3052 976 3072 υ
