1899 3322
691 186 1055 234 AESCHINEAE.

187 285 285 322 τήσεις
299 286 325 318 ἐν
346 289 510 332 πρυτανείῳ.
525 294 580 328 79,
599 294 647 323 17.
671 294 700 324 οὗ
711 297 767 335 γάρ
781 295 865 335 ᾤοντο

183 326 209 358 ἓν
223 332 284 366 τοῖς
296 333 460 373 γράμμασι
470 334 617 375 τιμᾶσθαι
631 336 694 372 δεῖν,
710 338 813 369 ἀλλ’ἔν
827 338 868 382 τῇ

182 373 285 415 μνήμῃ
300 378 356 406 τῶν
377 376 406 407 εὖ
428 378 620 409 πεπονθότων.
645 382 700 416 79,
719 391 792 421 pen.
815 394 862 412 σι·

183 415 281 451 τήσεις
302 417 328 447 ἐν
348 420 500 460 πρυτανείῳ
516 422 666 462 εὑρημένος.
682 426 736 458 82,
750 427 781 454 7.
805 436 857 454 κα-

182 459 380 501 ταλογιζέσθω
401 463 502 501 μηδεῖς
525 464 603 494 τοῦθ’
623 466 702 504 ὑμῶν
722 465 748 496 ἐν
764 468 860 508 ἆρετῇ.

182 503 236 537 82,
250 506 303 534 40.
327 504 470 546 δωροδοκία
490 505 516 536 ἐν
529 508 568 548 τῇ
580 507 717 548 πολιτεία.
735 512 787 546 84,
804 514 856 542 29.

179 546 236 578 τὰς
250 545 276 575 ἐν
289 549 350 581 τοῖς
365 547 532 589 γυμνασίοις
549 552 632 589 μετὰ
649 555 705 581 τῶν
724 553 857 595 νεωτέρων

179 599 239 627 μου
253 589 402 631 διατριβὰς
411 591 659 632 καταμέμφεται.
677 597 730 631 84,
742 600 795 632 40,
823 599 856 627 ἆ.-

178 632 385 673 ναγκαζόμενος
399 635 452 665 ὑπὸ
468 637 519 669 τῆς
531 634 556 665 ἐν
571 638 612 677 τῇ
624 637 706 676 φύσει
721 639 855 675 δαπάνης.

175 674 229 709 85,
246 677 276 705 8.
299 678 386 707 πολὺν
409 677 494 718 φέρων
519 676 546 708 ἓν
565 681 633 714 ταῖς
647 680 795 718 διαβολαῖς
808 684 855 714 τὸν

177 715 318 749 Φίλιππον
339 720 388 750 καὶ
410 719 456 750 τὸν
470 719 654 764 Ἀλέξανδρον.
671 726 724 761 85,
741 728 794 757 33.
819 728 853 756 ἀ-

172 759 333 792 ποδίδοσθαι
349 764 414 797 τοὺς
429 765 550 804 καιροὺς,
566 764 591 795 ἐν
606 764 642 800 οἷς
653 765 683 797 ’ἦν
698 768 850 809 σώζεσθαι.

174 804 226 839 86,
244 806 273 834 6.
301 806 364 846 ἀνὴρ
382 809 438 848 γὰρ
450 807 560 843 ἰδιώτης
572 808 599 838 ἐν
614 809 695 840 πόλει
710 811 851 853 δημοκρα-

171 846 293 889 τουμένῃ
308 849 382 888 νόμῳ
401 850 451 879 καὶ
473 849 560 891 ψήφῳ
571 851 728 885 Βασιλεύει.
746 858 801 892 87,
818 860 848 888 8.

170 886 220 919 ἐπὶ
244 894 380 926 τελευτῆς
403 892 550 934 ἐνέγραψεν
573 894 599 925 ἐν
622 897 661 938 τῇ
686 896 848 940 ἐπιστολῇ.

169 934 223 969 88,
237 937 267 964 1.
290 936 436 977 ἀσχήμων
459 936 485 967 ἐν
504 938 548 977 τῷ
569 938 621 978 Βίῳ
640 940 689 970 καὶ
709 941 848 983 βδελυρός.

169 977 222 1011 89,
238 979 268 1008 3.
283 977 391 1016 ξενικῶν
402 981 550 1020 στεφάνων
561 982 610 1012 καῖ
620 986 811 1025 κηρυγμάτων
822 985 848 1017 ἐν

167 1021 228 1053 τοῖς
238 1019 375 1053 ’Ἓλλησιν
390 1022 602 1064 ἐπιθυμοῦντα.
619 1029 672 1064 89,
688 1029 740 1059 15.

123 1060 231 1101 ἐναγὴς,
257 1065 409 1097 obnoxius
434 1067 573 1108 piaculo,
598 1069 649 1100 vel
673 1072 776 1102 banno
793 1072 846 1113 (ut

167 1107 272 1137 medio
288 1119 356 1139 aevo
379 1111 586 1151 usurpabant)
605 1113 746 1145 exclusus
758 1126 842 1147 com-

166 1151 314 1182 munione
329 1163 490 1185 sacrorum.
505 1157 560 1192 69,
575 1156 607 1186 5.
629 1155 725 1196 ἐναγὴς
735 1157 842 1190 τοῦἈ-

164 1192 316 1230 ωόλλωνος
328 1196 379 1228 καὶ
398 1198 450 1231 τῆς
463 1196 630 1238 Ἀρτέμιδος
644 1206 705 1231 etc.
718 1203 771 1238 69,
790 1205 840 1234 13.

165 1234 275 1274 ἐξάγειν
290 1238 322 1269 ἐκ
334 1240 384 1269 τοῦ
400 1240 468 1280 ἱεροῦ
483 1243 519 1275 ὡς
534 1240 625 1280 ἐναγῆ.
636 1245 691 1279 70,
708 1247 760 1275 14.

117 1276 249 1321 ἐναντίον]
272 1281 342 1322 μηδ’
356 1283 462 1323 αἱρεῖτε
483 1284 630 1325 παρανοίας
645 1285 763 1319 ἐναντίον
771 1286 837 1318 Ἐλ-

160 1321 245 1354 λήνων
258 1324 304 1355 τὸν
318 1325 403 1365 δῆμον
416 1329 473 1356 τῶν
485 1325 648 1359 Ἀθηναίων.
660 1331 714 1367 75,
729 1334 782 1362 41.

115 1363 243 1408 ἐναργῆς]
268 1366 379 1408 ἐναργὲς
394 1369 442 1399 καὶ
459 1370 488 1400 οὗ
504 1371 721 1412 πεπλασμένον.
739 1377 791 1411 18,
805 1377 836 1407 9.

114 1405 247 1451 ἐναργῶς]
268 1412 297 1442 οὐ
312 1410 347 1442 δι’
362 1412 551 1454 αἰνιγμάτων,
574 1414 644 1446 ἀλλ’
655 1414 773 1458 ἐναργῶς
787 1418 835 1457 γέ-

156 1464 297 1492 γραπται.
312 1457 368 1492 70,
378 1459 432 1488 34.

111 1492 249 1537 ἐνάρχειν]
270 1497 399 1540 ἐῆῐρκται
419 1502 460 1531 τὰ
479 1502 563 1538 κανᾶ,
586 1505 757 1544 auspicium
785 1517 833 1538 sa-

155 1540 318 1572 crificandi
345 1543 463 1574 factum
487 1550 544 1580 est,
570 1549 740 1586 apportatis
764 1549 830 1590 jam

153 1584 308 1620 corbibus,
323 1591 356 1616 et
379 1586 462 1616 mola
485 1588 565 1619 salsa
580 1590 654 1620 inde
669 1592 832 1632 depromta

154 1631 185 1656 et
200 1626 234 1657 in
249 1633 346 1669 caput
357 1629 489 1661 victimae
507 1641 622 1672 sparsa.
639 1635 659 1663 7
661 1637 692 1665 0.
706 1638 760 1666 31.

111 1667 237 1711 ἔναυλος]
265 1670 375 1703 ἔναυλον
401 1675 458 1714 γὰρ
481 1671 512 1705 ’ἦν
534 1674 578 1705 ἔτι
610 1675 691 1713 τότε,
712 1681 829 1710 recenti

153 1714 256 1745 adhuc
270 1721 339 1746 erat
352 1716 385 1746 in
401 1718 558 1755 memoria,
574 1724 605 1749 et
627 1730 715 1752 aures
730 1723 827 1754 veluti

151 1757 413 1790 circumsonabat.
430 1762 483 1796 81,
499 1764 550 1792 18.

105 1796 207 1841 ἐνδεὴς]
231 1801 330 1836 οὐδενὸς
345 1802 380 1832 ὢν
393 1805 450 1834 τῶν
460 1803 580 1845 μετρίων
593 1805 690 1840 ἐνδεής.
706 1810 738 1844 6,
750 1811 801 1839 31.

103 1840 301 1885 ἐνδείκνυσθαι]
328 1844 503 1883 ἐνδείκνυται,
526 1858 594 1878 sese
609 1849 720 1890 jactat,
741 1853 825 1883 velut

146 1896 205 1926 per
227 1887 460 1920 insultationem
492 1897 653 1922 monstrat.
684 1896 738 1930 55,
768 1899 822 1926 21.

146 1928 343 1970 ἐνδεικνύμενος
355 1931 538 1975 Ἀλεξάνδρῳ,
558 1946 662 1966 meum
682 1948 755 1978 erga
776 1938 823 1969 A-

145 1972 328 2005 lexandrum
353 1977 492 2007 studium
520 1977 583 2019 ipsi
603 1985 762 2012 ostentans
790 1988 823 2013 et

141 2015 278 2056 jactans.
293 2021 348 2055 84,
361 2020 483 2059 penult.

99 2056 209 2098 ἔνδειξις
233 2061 270 2094 εἰς
283 2059 470 2103 Ἀλέξανδρον,
492 2065 672 2102 ostentatio,
688 2066 820 2108 jactatio

142 2103 237 2134 studii
252 2114 325 2145 erga
336 2104 560 2138 Alexandrum.
577 2109 631 2144 85,
648 2112 700 2140 12.

100 2144 209 2188 ἕνδεκα]
233 2147 409 2179 άποτισάτου
430 2150 514 2190 (scil.
534 2152 583 2182 τήν
599 2151 721 2193 ζημίαν)
737 2153 762 2183 ἐν
778 2154 818 2186 ἕν-

143 2189 210 2218 δεκα
226 2189 343 2231 ἡμέραις
357 2195 440 2232 μετὰ
454 2195 503 2224 τὴν
517 2192 600 2225 δίκην.
625 2198 657 2231 3,
673 2199 727 2226 17.
751 2197 818 2238 πρός

141 2231 237 2263 ἕνδεκα
266 2234 414 2276 ἀμφορέας
440 2234 469 2266 ἐν
497 2237 750 2282 διαμεμετρημένῃ
779 2242 818 2283 ‘rii'

143 2275 236 2317 ἡμέρα
250 2277 388 2318 κρίνομαι.
403 2281 458 2316 45,
471 2284 502 2312 1.

97 2317 212 2358 ἔνδημος
226 2321 312 2363 ἀρχὴ,
327 2322 423 2353 domi.
437 2325 470 2359 3,
485 2326 538 2356 34.
553 2335 626 2365 pen.

95 2360 283 2403 ἐνδιατρίβειν,
297 2365 331 2395 in
345 2366 435 2397 rebus
450 2376 469 2396 a
482 2378 576 2398 causa
593 2369 702 2400 alienis
715 2370 812 2402 inhae-

139 2416 270 2442 rescere,
283 2407 384 2449 iisque
397 2411 604 2451 exsequendis
621 2417 745 2455 tempus
761 2425 812 2446 co-

139 2450 272 2490 gnitioni
301 2457 334 2482 et
360 2454 553 2493 expositioni
575 2465 677 2487 causae
701 2467 811 2489 conse-

137 2498 256 2524 cratum
272 2504 463 2526 consumere.
482 2499 536 2533 82,
550 2500 604 2529 33.

93 2533 234 2578 ἐνδιδόναι]
259 2537 273 2568 ὅ
293 2537 321 2568 δὲ
337 2540 449 2580 παριὼν
467 2540 561 2581 ἀρχὰς
578 2542 675 2577 αὑτοῖς
698 2542 809 2575 ἐνεδίδου

136 2579 268 2620 πολέμου
281 2581 330 2610 καὶ
344 2584 486 2623 ταραχῆς.
504 2586 557 2620 65,
572 2586 624 2615 22.

90 2619 206 2663 ἔνδοξος]
226 2625 267 2653 τὰ
281 2623 374 2663 ἔνδοξα
388 2625 437 2656 καὶ
453 2629 581 2667 λαμπροὶ
597 2630 652 2658 τῶν
667 2632 806 2670 πραγμά-

135 2677 192 2695 των
205 2665 367 2698 ἀνετίθεσαν
380 2669 424 2708 τᾷῐ
438 2668 530 2710 δήμω.
545 2673 600 2707 86,
615 2673 668 2703 42.

88 2705 218 2744 ἐνδυκέως
232 2709 352 2751 τρέφειν.
365 2715 418 2748 21,
435 2713 489 2744 28.

89 2749 225 2792 ἐνεδρεύειν
240 2753 279 2795 τῇ
293 2754 434 2793 ἀκροάσει.
451 2757 507 2793 83,
522 2757 575 2788 25.

89 2792 183 2835 ἕνεκα]
207 2797 307 2825 ταῦτα
322 2796 351 2827 δέ
367 2796 443 2836 λέγω
459 2799 488 2829 οὗ
502 2802 552 2831 τοῦ
563 2803 696 2842 φορτικοῦ
714 2801 803 2834 ἕνεκα.

134 2840 165 2874 6,
181 2841 234 2869 26.
256 2839 395 2881 ἄσχημόν
410 2853 440 2871 τι
455 2841 532 2872 ἕνεκα
546 2846 708 2885 χρημάτων
730 2848 804 2887 πρά-

129 2879 192 2919 ξας.
215 2885 269 2919 48,
294 2886 348 2914 30.
375 2887 483 2919 κλοπῆς
506 2885 584 2916 ἕνεκα
606 2890 662 2923 τοὶς
685 2889 804 2925 εὐθύνας

129 2925 275 2963 ὠφληκώς.
303 2927 357 2964 55,
380 2930 434 2959 17.
463 2929 604 2971 εὐφημίας
631 2931 719 2962 ἕνεκα.
749 2936 801 2972 66,

128 2967 183 2998 tilt-

84 3007 261 3051 ἐνεωιορκεῖν,
278 3013 361 3046 utin
383 3014 451 3056 ejus
473 3016 599 3050 nomine
620 3018 800 3054 facilitatem

128 3064 205 3085 vol..
222 3065 244 3085 1.

1559 192 1614 235 33

940 307 1027 329 suam
1049 300 1213 341 pejerandi
1229 301 1288 344 (ad
1308 301 1516 344 pejeranfium
1541 311 1612 343 pro·

939 340 1125 384 clivitatem)
1141 351 1307 376 exerceret.
1320 349 1343 377 7
1345 350 1377 383 5,
1394 349 1423 377 1.

894 380 1088 423 ἐνεργολαβεῖν,
1111 389 1151 418 ob
1175 388 1313 430 aliquam
1341 400 1404 420 rem
1430 389 1608 431 pecuniam,

937 434 1089 468 quaestum
1112 430 1239 461 uberem
1265 433 1380 468 facere,
1404 443 1442 463 ea
1466 443 1499 463 re
1521 441 1608 462 exer-

935 472 1046 508 cenda,
1062 474 1243 512 vendenda,
1259 486 1384 518 quoquo
1404 476 1498 506 modo
1520 486 1607 506 usur-

934 515 1051 553 panda.
1065 517 1144 548 ibid.

889 553 1005 599 ἐνέχειν]
1029 562 1090 595 τοῖς
1105 561 1203 596 αὐτοῖς
1225 560 1382 601 ἐπιτιμίοις
1397 561 1468 601 ᾠέτο
1484 561 1536 592 δεῖν
1550 559 1604 591 ἐνέ-

929 601 1044 640 χεσθαι
1059 602 1106 633 τὸν
1119 605 1316 645 ἀστράτευτον
1330 605 1379 635 καὶ
1389 605 1435 635 τόν
1449 603 1606 635 λελοιπότα

929 645 979 674 τὴν
992 646 1085 685 τάξιν.
1107 650 1161 684 78,
1174 652 1228 679 41.

886 683 1071 731 ἐνεχυράζειν]
1093 688 1253 732 ἐνεχυράζει
1273 691 1286 721 ὅ
1305 690 1461 731 νομοθέτης
1482 692 1539 725 τὰς
1557 691 1602 722 οὗ-

928 728 994 763 θ’ίας
1007 734 1063 762 τῶν
1078 732 1248 771 ὑπευθύνων,
1262 735 1420 776 legislator
1435 734 1600 766 facultates

928 781 1047 810 eorum,
1061 776 1116 817 qui
1131 783 1286 817 gestorum
1302 779 1452 809 honorum
1465 777 1601 808 rationes

927 815 1031 848 adhuc
1054 819 1183 857 debent,
1197 821 1379 862 reipublicae
1401 821 1598 862 oppignerat·

925 861 979 895 56,
995 863 1048 891 41.

881 898 1071 944 ἐνεχυριάζειν.
1093 907 1147 942 66,
1163 908 1196 936 7.
1219 908 1273 938 sed
1290 907 1403 938 vitiosa
1421 907 1473 938 illa
1488 912 1536 938 est
1552 907 1596 938 le-

922 946 998 983 ctio,
1014 953 1046 978 et
1059 948 1120 990 leg.
1136 949 1329 991 ἐνεκωμίαζεν.

878 984 1039 1030 ἐνθάπτειν]
1061 991 1172 1033 χωρίον,
1189 1012 1232 1017 —-
1246 995 1269 1025 εἰ
1292 997 1382 1034 μήτι
1405 994 1489 1030 ἄλλο,
1513 993 1594 1025 ἐντα-

921 1032 1004 1071 φῆναι
1018 1035 1180 1067 ἀπολιπεῖν.
1196 1040 1250 1073 14,
1266 1040 1318 1068 13.

876 1071 992 1118 ἐνθένδε]
1016 1079 1192 1118 διαγγέλλειν
1205 1080 1338 1111 τάνθένδε
1353 1079 1456 1112 ἐκεῖσε.
1472 1082 1526 1118 45,
1539 1083 1591 1111 20.

876 1115 1028 1159 ἐνθύμημα
1043 1123 1086 1161 τῷ
1100 1122 1175 1163 λόγῳ
1191 1123 1353 1166 προσέθηκε.
1367 1127 1421 1161 42,
1437 1127 1490 1156 27.

874 1158 1013 1204 ἐνιαυτὸς]
1039 1165 1123 1201 τέλος
1146 1168 1267 1208 πορνικὸν
1288 1170 1303 1199 ἦ
1327 1168 1412 1202 Βουλῆ
1435 1166 1507 1197 καθ’
1527 1166 1593 1198 Eua·

917 1217 986 1236 στον
1001 1207 1120 1240 ἐνιαυτὸν
1134 1213 1245 1242 πωλεῖ.
1265 1214 1317 1246 16,
1342 1212 1459 1251 penult.
1483 1210 1591 1250 θεσμο-

915 1246 1013 1284 Θὲτᾱις
1025 1253 1246 1292 προστέτακται
1257 1253 1328 1284 καθ’
1338 1254 1460 1286 ἕκαστον
1471 1253 1592 1284 ἐνιαυτόν

915 1289 1035 1331 διορθοῦν
1048 1297 1114 1331 τοὺς
1128 1295 1154 1326 ἐν
1167 1298 1211 1336 τῷ
1225 1297 1349 1338 δημοσίω
1363 1298 1470 1338 νόμους.
1487 1299 1541 1334 59,
1556 1300 1590 1328 7.

913 1333 1072 1374 βουλεύσας
1089 1338 1228 1371 ἐνιαυτόνε
1252 1352 1325 1383 ergo
1349 1341 1520 1373 senatorius
1537 1341 1591 1371 ho-

914 1387 972 1409 nos
986 1388 1055 1412 erat
1070 1393 1201 1416 annuus.
1218 1387 1272 1421 64,
1289 1388 1341 1417 24.

870 1417 942 1457 ἔνιοι,
961 1421 1012 1454 νέοι
1039 1425 1125 1464 ὄντες,
1150 1430 1304 1469 «προφερεῖς
1330 1427 1378 1458 καὶ
1404 1427 1587 1469 πρεσβύτεροι

913 1465 1066 1504 φαίνονται.
1082 1472 1116 1506 7,
1130 1472 1184 1501 35.
1207 1471 1372 1512 πυλαγόρων
1386 1474 1441 1502 τῶν
1457 1471 1496 1505 εἷς
1510 1477 1586 1502 Δελ-

912 1510 980 1547 φοὺς
994 1513 1198 1555 ἀφικνουμένων
1213 1514 1304 1551 ἐνίους.
1321 1518 1373 1550 69,
1388 1517 1442 1546 30·

868 1547 966 1593 ἐνίοτε]
998 1555 1116 1597 εὐχερῶς
1140 1560 1195 1599 γὰρ
1219 1557 1301 1589 ἐνίοτε
1330 1559 1409 1598 λόγον
1433 1557 1498 1589 ἀντὶ
1523 1555 1584 1590 Εἶθυ

907 1600 1037 1635 χρηστοῦ
1052 1600 1269 1642 «προσδέχεσθε.
1287 1604 1340 1638 25,
1354 1605 1406 1633 31.
1431 1600 1585 1642 ἐξχὸμεθα

907 1638 994 1670 δήπου
1015 1640 1128 1679 ψευδεῖς
1146 1644 1244 1675 οἴκοθεν
1264 1644 1347 1677 ἐνίοτε
1370 1645 1451 1685 δόξας
1471 1645 1584 1686 ἔχοντες

906 1685 986 1713 κατὰ
999 1687 1054 1714 τῶν
1071 1691 1227 1728 λογισμῶν.
1245 1691 1299 1726 62,
1316 1691 1347 1719 8.

862 1722 1020 1767 ἐνιστάναι]
1050 1727 1204 1765 ἐνεστηκὼς
1229 1731 1273 1762 ἔτι
1297 1732 1438 1771 πόλεμος,
1463 1730 1579 1761 bellum

905 1769 1009 1801 adhuc
1025 1772 1148 1810 durans,
1164 1785 1286 1815 urgens.
1304 1778 1358 1811 35,
1373 1778 1426 1806 27.

861 1809 977 1853 ἐννατα]
1006 1812 1092 1845 ἐλθὼν
1115 1817 1154 1851 εἷς
1175 1820 1216 1848 τὰ
1239 1818 1349 1854 ἐννατα,
1377 1819 1418 1849 ad
1440 1818 1580 1853 inferias,

904 1865 974 1894 quae
995 1864 1114 1890 mortuo
1137 1861 1215 1892 fiunt
1237 1863 1290 1893 die
1312 1871 1396 1893 nono
1419 1872 1437 1893 a
1459 1862 1578 1892 funere.

902 1900 956 1935 86,
970 1903 1002 1930 4.

858 1939 945 1983 ἐννέα]
968 1943 1103 1986 ἄρχοντες
1124 1946 1208 1985 ἐννέα,
1231 1950 1358 1991 quinam
1382 1950 1421 1981 ab
1443 1949 1504 1980 hoc
1528 1959 1576 1979 se-

900 1992 976 2016 natu
993 1990 1240 2023 excluderentur.
1259 1996 1290 2030 3,
1304 1997 1357 2026 31.
1378 1994 1575 2034 magistratus

899 2028 953 2058 ille
968 2037 1034 2061 erat
1048 2036 1265 2075 στεφανηφόρος.
1280 2040 1312 2073 3,
1324 2041 1377 2069 32.
1399 2035 1573 2075 δανείζεσθαι

899 2073 948 2102 τὴν
961 2076 1035 2113 μνᾶν
1050 2075 1098 2106 ἐπ’
1111 2076 1183 2107 ἐννέα
1198 2077 1311 2114 ὃέολοῖς.
1328 2083 1380 2118 15,
1398 2082 1451 2110 16.

854 2111 976 2157 ἔννομος]
1001 2117 1060 2149 ἴσην
1079 2119 1129 2150 καῖ
1151 2120 1258 2162 ἔννομον
1277 2124 1423 2155 πολιτείαν
1437 2122 1521 2163 ἔχειν.
1542 2125 1572 2157 1.

898 2160 950 2189 25.
973 2161 1107 2201 κήρυγμα
1128 2163 1164 2194 τὸ
1187 2166 1303 2206 πάτριον
1326 2168 1374 2198 καὶ
1396 2166 1502 2206 ἔννομον
1520 2177 1570 2196 κη-

894 2201 1014 2240 ρύσσειν.
1033 2207 1087 2241 57,
1103 2208 1135 2236 7.

850 2241 1042 2288 ἐνοικοδομεῖν]
1074 2251 1215 2291 κεραμεῖα
1247 2253 1295 2283 καὶ
1324 2253 1460 2284 {wadnam
1483 2251 1569 2292 πεδίῳ

891 2287 1130 2332 ἐνῳκοδομημένα.
1147 2298 1202 2330 70,
1217 2298 1270 2327 23.

847 2328 961 2374 ἔνορκος]
984 2333 1082 2374 ἔνορκον
1094 2334 1125 2367 ἦν
1138 2335 1165 2366 ἐν
1184 2339 1244 2374 τοῖς
1258 2338 1351 2379 δ’ρκοις.
1375 2342 1430 2378 43,
1448 2344 1500 2372 14.
1522 2341 1566 2380 μὶ)

890 2380 1076 2414 μνησικακεῖν
1096 2378 1193 2421 ἐ’νορκον
1214 2383 1282 2423 ἡμῖν
1302 2385 1566 2415 καταστησάντων.

890 2420 944 2456 51,
972 2424 1025 2452 41.
1059 2421 1170 2463 ἔνορκος,
1196 2425 1228 2455 in
1256 2425 1372 2458 foedere
1397 2438 1465 2459 cum
1497 2428 1565 2460 aliis

889 2466 1143 2504 comprehensus,
1158 2469 1286 2499 foederis
1301 2480 1438 2502 consors.
1461 2474 1514 2507 63,
1532 2475 1565 2503 6.

887 2503 986 2547 ἔνορκον
1001 2508 1100 2541 λαβεῖν
1114 2510 1162 2541 τὸν
1175 2510 1320 2543 Ἀθηναίων
1335 2513 1429 2552 δῆμον.
1447 2516 1499 2551 66,
1511 2518 1562 2547 29.

843 2545 935 2588 ἔνοχος
958 2549 1036 2581 ’έστω
1052 2553 1094 2592 τῷ
1110 2554 1172 2595 περὶ
1186 2557 1238 2590 τῆς
1258 2558 1312 2585 τῶν
1327 2555 1480 2597 ἐλευθέρων
1493 2557 1561 2598 φθο-

886 2593 936 2630 ga:
949 2593 1034 2634 νόμω.
1053 2599 1084 2631 2,
1099 2599 1152 2628 36.

841 2632 988 2673 ἔνστασις,
1033 2639 1163 2676 iustitio,
1203 2642 1371 2683 susceptio,
1408 2644 1558 2684 ingressio

885 2688 987 2710 causae
1003 2681 1142 2713 forensis.
1166 2683 1298 2726 διασύρων
1313 2689 1362 2717 *rhu
1377 2685 1442 2717 δ’λην
1455 2687 1558 2718 ἔνστα-

884 2732 929 2751 σιν
953 2725 1003 2753 τοῦ
1034 2726 1146 2763 ἀγῶνος.
1178 2730 1229 2763 18,
1256 2732 1308 2759 35.
1341 2729 1478 2765 ἔνστασις
1501 2734 1558 2762 τῶν

882 2763 951 2796 δ’λων
967 2769 1153 2809 πραγμάτων
1168 2769 1200 2809 ἐξ
1214 2772 1313 2813 ἀρχῆς.
1329 2775 1383 2808 30,
1398 2775 1452 2803 36.

838 2804 971 2848 ἐντείνειν]
988 2810 1151 2842 ἐντείνεσθαι
1167 2816 1216 2844 τὴν
1229 2815 1323 2853 φωνήν.
1347 2818 1435 2856 φωνὲν
1448 2817 1557 2849 ταύτην

882 2853 930 2882 τήν
955 2852 1045 2892 ὀξεῖαν
1068 2855 1117 2885 καὶ
1147 2856 1251 2888 ἀνόσιον
1275 2856 1472 2899 ἐντεινάμενος.
1499 2865 1554 2900 49,

881 2897 933 2925 15.

836 2934 961 2980 ἐντελὴς]
975 2939 1100 2981 πλόϊμος
1112 2942 1219 2983 τριήρης
1233 2943 1281 2973 καὶ
1296 2942 1416 2980 ἐντελής.
1433 2948 1487 2983 51,
1498 2950 1550 2980 32.

836 2978 968 3018 ἐντεῦθεν,
983 2985 1052 3024 (aut
1067 2984 1204 3027 ἐνταῦθα)
1220 2997 1273 3027 pro
1288 2986 1367 3026 τότε,
1383 2994 1457 3021 tunc
1473 2996 1551 3022 tem-

881 3026 975 3065 poris,
1004 3032 1066 3059 tum
1095 3028 1230 3061 demum.
1255 3041 1327 3063 nam
1357 3040 1554 3076 comparatur

838 3077 854 3096 r
