1916 3340
288 200 342 239 36
720 195 916 238 INDEX
951 195 1333 239 GRAECITATIS

331 305 448 340 Βλέπειν
465 304 690 343 ἐπεγγελῶντος.
701 306 755 341 52,
769 307 821 336 28.

287 348 423 391 ἐπείγειν]
448 347 611 386 ἐπείγεσθαι
628 347 734 388 σφόδρα
749 347 816 388 πρὸς
832 349 888 382 τὰς
903 346 1004 382 ἡδονάς.

333 396 387 429 13,
411 395 464 424 41.
495 392 657 428 festinare,
686 392 823 428 studere,
855 391 1002 421 laborare.

334 439 388 473 20,
402 439 455 467 25.

289 479 425 515 ἐπειπεῖν,
439 478 581 520 superius
594 478 685 509 dictis
697 479 878 520 adjungere.
887 479 941 512 49,
953 477 1004 507 15.

289 522 450 562 ἐπεισάγειν
464 521 572 561 ἔξωθεν,
588 527 715 552 externa
732 527 763 551 et
780 522 881 552 aliena
898 531 917 550 a
932 530 1006 550 cau-

334 576 368 597 sa
379 566 452 597 foris
470 566 627 601 arcessita,
642 575 741 596 causae
755 564 936 594 immiscere.
953 565 1008 599 23,

333 610 456 651 penult.
470 608 614 647 ἐπεισάξει
636 620 682 637 τον
692 608 793 646 γόητα.
809 609 863 643 83,
880 609 933 638 28.
955 605 1007 636 ἑπ-

331 653 465 691 εισάγειν,
479 658 548 693 post
564 652 654 683 aliam
668 662 730 682 rem
740 651 788 693 (in
801 651 940 690 theatro)
951 660 1007 689 ge-

337 701 415 727 stam
442 697 580 731 introire,
607 696 656 724 vel
682 695 715 724 in
742 704 866 724 scenam
892 694 1007 734 produ-

336 750 415 771 cere.
432 739 515 780 (scil.
531 737 696 774 fabulam.)
710 739 764 773 86,
782 739 835 768 38.

292 782 455 819 ἐπεισιέναι,
472 788 542 823 post
558 781 773 811 recitationem
790 780 936 821 aliquam,
956 785 1009 810 aut

336 826 528 868 praeconium
546 824 686 864 aliquod,
705 823 822 859 inferri,
839 823 984 865 prodire'
977 833 1009 853 111

335 880 477 900 scenam:
495 869 536 898 de
548 867 674 898 fabulis.
689 868 745 903 75,
763 869 814 896 24.

292 913 397 945 ἔπειτα
412 911 546 953 δεύτερον,
562 915 627 941 tum
644 911 783 941 secundo
797 910 876 940 loco.
895 912 966 946 2,1.
979 911 1009 939 6.

335 956 438 987 ἔπειτα
454 955 482 985 οὐ
499 952 782 984 καταλευσθησεται.
798 955 852 989 23,
867 955 918 983 24.
934 953 1011 984 ἐπει-

336 1011 389 1034 τα,
406 998 607 1028 nihilominus
625 1003 739 1028 tamen.
758 998 812 1032 86,
829 998 882 1027 26.

293 1041 522 1084 ἐπεξέρχεσθαι]
536 1039 703 1082 ἐπεξελθεῖν
715 1040 836 1071 ἕκαστον
848 1038 916 1069 κατ’
925 1038 1012 1080 ὄνομα

337 1088 451 1127 πικρῶς.
463 1087 517 1122 22,
533 1088 587 1115 40.

292 1128 447 1168 ἐπεξιέναι]
477 1128 647 1170 τραύματος
672 1126 769 1169 γραφη
797 1126 851 1157 οὐδ’
881 1124 1014 1165 ἐπεξιών.

337 1176 391 1208 40,
408 1174 461 1203 27.

292 1215 507 1256 ἓπεργάζεσθαι
523 1215 620 1247 πεδίον.
638 1218 690 1252 69,
705 1219 757 1247 28.

294 1259 468 1300 ἐπέρεσθαι]
483 1258 582 1300 φέρετε
598 1261 647 1290 την
659 1258 750 1298 ψηφον
764 1259 802 1293 εἶς
817 1255 1015 1296 ἀπολογισμὸν

337 1314 399 1338 τοις
414 1314 534 1354 παρουσι
546 1305 601 1331 τῶν
611 1305 747 1338 πολιτῶν,
762 1301 841 1342 ἐπερν
836 1300 971 1341 σομένοις
985 1298 1014 1329 δὲ

338 1346 418 1386 ὑμᾶς
433 1345 464 1375 τί
478 1345 634 1384 ἐδικάζετε.
652 1348 704 1380 89,
722 1349 752 1376 8-

295 1388 447 1438 ἐπερωτᾶν..
464 1392 504 1419 42
509 1392 592 1425 ,12.
617 1387 742 1428 ἐπερωτᾷ
737 1388 758 1418 ’ν
777 1398 842 1417 non
862 1387 907 1422 id,
929 1386 1014 1426 quod

338 1433 466 1473 proprie
482 1432 668 1471 interrogare
683 1431 807 1464 dicitur,
825 1430 879 1460 sed
902 1439 1015 1477 propo-

337 1486 409 1506 nere
424 1485 547 1505 causam
566 1458 615 1504 ad0
624 1474 861 1504 deliberandum
878 1478 910 1503 et
929 1471 1016 1502 deci-

338 1519 488 1553 dendum,
523 1522 557 1547 ut
588 1517 693 1547 Latini
732 1527 856 1558 quoque
887 1524 1016 1555 quarere

338 1567 499 1602 usurpant.
516 1561 537 1590 εἰ
559 1561 571 1590 ὃ
593 1560 701 1601 κήρυξ
691 1562 770 1600 υμᾶς
786 1559 918 1602 ἐπηρώτα
936 1558 968 1589 τὸ
984 1557 1017 1589 ἐκ

338 1617 388 1634 του
405 1604 488 1645 νόμου
503 1615 647 1644 κηρυγμα.
668 1607 718 1638 11,
733 1606 787 1634 33.

296 1647 492 1688 ἐπεσσόμενοι,
509 1648 634 1688 ροεῑιῑί.
650 1650 703 1683 80,
721 1648 774 1676 15.

296 1691 494 1733 ἐπεύχεσθαι]
520 1690 678 1731 ἐπεύχεται
698 1690 806 1724 αὐτοις,
834 1694 1019 1730 apprecatur

339 1736 484 1765 vovendo
502 1734 562 1765 illis
579 1735 659 1764 diras
683 1739 714 1763 et
730 1738 851 1764 atroces
867 1733 923 1763 has
937 1732 1019 1762 cala-

341 1779 473 1811 mitates.
491 1780 611 1814 69,14.

298 1821 427 1862 ἐπέχειν]
452 1820 547 1863 μικρδν
571 1820 714 1861 ἐπισχὼν,
730 1821 822 1861 paulo
838 1823 923 1860 post,
939 1829 1019 1849 mox.

343 1869 397 1901 45,
415 1867 466 1896 15.
482 1871 514 1895 et
529 1866 582 1900 55,
600 1866 650 1894 16.

299 1907 360 1944 ἐπὶ,
374 1913 584 1938 constructum
602 1908 637 1943 1)
660 1917 729 1936 cnm
751 1906 897 1947 genitivo.
918 1905 1019 1945 ἄκυρα,

343 1952 439 1991 ὥσπερ
456 1953 496 1980 τοὶ
513 1950 560 1981 ἐπὶ
578 1953 632 1979 τῶν
643 1951 806 1990 τριάκοντα,
821 1949 835 1980 ἢ
851 1951 891 1979 τοὶ
907 1948 958 1989 πρὸ
971 1949 1022 1978 Εὖ·

343 1992 461 2024 maisou.
477 1997 508 2029 6,
525 1997 578 2029 12,
600 1992 754 2022 καθῆσθαι
775 1991 822 2022 ἐπὶ
839 1992 967 2032 ἰατρείου.
989 1994 1020 2028 6,

346 2040 398 2068 17.
421 2037 570 2077 διατριβὰς
583 2047 644 2066 ποιε
645 2036 733 2065 ισθαι
757 2035 813 2065 ἐπι
836 2035 964 2076 ἰατρείου.
990 2040 1021 2070 6,

345 2083 397 2112 28.
429 2080 613 2121 καθέζεσθαι
641 2078 687 2109 ἐπι
713 2079 886 2119 οἰκημάτων.
914 2081 967 2114 11,
990 2081 1021 2110 3.

344 2124 412 2155 εῖναι
428 2123 475 2154 ἐπὶ
499 2125 608 2156 πολλῆς
628 2120 781 2160 ἀσελγείας
801 2122 848 2151 καὶ
874 2120 1022 2160 ἀφθονίας.

348 2170 401 2204 13,
421 2169 474 2198 33.
497 2166 647 2197 ἐπιστῆναι
668 2178 703 2196 τη
724 2163 879 2205 κατηγορία
901 2164 950 2195 ἐπὶ
972 2166 1023 2195 τοῦ

346 2208 536 2250 δικαστηρίου,
568 2209 764 2250 supervenire
795 2208 934 2244 fortuito,
970 2213 1024 2239 aut

347 2256 440 2285 etiam
457 2254 550 2288 ultro,
568 2254 608 2283 de
627 2253 796 2293 proposito,
816 2252 966 2282 accedere
982 2253 1022 2283 ad

343 2298 509 2339 judicium,
530 2307 599 2327 cum
623 2301 772 2337 ageretur,
798 2296 889 2336 eique
915 2296 1024 2326 adesse

349 2346 458 2372 contra
470 2350 565 2371 reum.
578 2342 630 2375 16,
646 2342 697 2371 15.
720 2338 805 2369 ἐσται
816 2338 869 2368 δὲ
858 2351 870 2368 ο
883 2337 964 2376 λόγος
976 2337 1024 2368 ἐπι

347 2383 594 2425 παραδείγματος,
602 2382 746 2423 exemplo
758 2393 819 2412 rem
833 2383 1025 2412 demonstra-

349 2430 399 2459 bo.
423 2430 476 2462 25,
500 2428 552 2457 16.
574 2425 688 2465 γένησθε
712 2437 767 2459 τας
790 2424 893 2467 ψυχας
914 2426 962 2466 (id
979 2430 1026 2456 est

349 2483 430 2501 κατα
454 2471 509 2504 τὰς
538 2468 655 2510 ψυχὰς)
680 2467 726 2507 ἐφ’
749 2468 858 2509 ἐτέρων,
889 2468 1025 2498 animum

351 2515 418 2546 aliis
442 2514 531 2544 rebus
553 2513 730 2543 attendatis.
754 2512 807 2547 25,
828 2516 880 2543 26.
905 2510 954 2541 ἐπι
976 2524 1028 2547 της

352 2556 448 2593 αἰτίας
471 2556 580 2591 ταύτης
601 2555 678 2590 ὅντα,
702 2566 770 2585 cum
798 2555 1028 2585 accusationem

350 2603 433 2632 hanc
448 2604 622 2642 perageret,
639 2610 708 2629 curn
724 2598 823 2628 oratio
838 2598 905 2639 ejus
920 2598 952 2628 in
968 2599 1028 2628 hoc

352 2644 477 2677 crimine
492 2648 663 2673 versaretur
676 2642 874 2682 exagitandO.
902 2644 955 2677 28,
974 2644 1026 2672 20.

353 2689 440 2722 τόπος
452 2687 464 2717 ὁ
478 2686 524 2716 ἐπὶ
542 2684 662 2726 Θρᾴκης,
672 2686 755 2725 regio
766 2685 847 2715 circa
854 2684 1027 2714 Thraciam.

355 2735 408 2767 29,
424 2734 476 2762 20.
489 2732 542 2765 64,
558 2732 588 2760 9.
610 2727 654 2768 ἐφ’
670 2730 749 2767 ἡμῶν
763 2728 854 2757 αὐτῶν
869 2726 1030 2765 ἐγενόμεθα,

355 2786 425 2806 cum
442 2773 629 2803 redissemus
646 2772 685 2801 ad
702 2771 911 2802 solitudinem.
927 2773 980 2807 33,
997 2774 1027 2801 4.

354 2819 401 2850 ἐπὶ
417 2815 579 2857 κεφαλαίων
599 2814 821 2854 ἀπηγγείλαμεν
834 2816 884 2845 τῆν
900 2814 1031 2854 πρεσβεί-

356 2874 397 2891 αν.
412 2863 466 2896 34,
478 2863 509 2891 7.
527 2859 539 2888 ὁ
555 2858 603 2890 ἐπὶ
618 2860 673 2888 τῶν
685 2859 872 2899 ὑπηρετικῶν,
882 2857 945 2887 scil.
960 2860 1030 2888 νεῶν.

357 2908 411 2940 37,
427 2906 478 2934 31..
501 2901 702 2942 συμπαριέναι
725 2900 770 2940 ἐφ’
785 2900 886 2931 ἵππου.
907 2904 960 2938 42,
977 2903 1030 2931 36.

357 2948 469 2978 ἀπεῖναι
482 2945 537 2975 ἐπὶ
551 2948 605 2974 τῶν
620 2944 691 2975 ἰδίων
706 2943 799 2984 ἔργων,
811 2945 919 2975 abesse
931 2955 948 2974 a
965 2944 1031 2975 foro

358 2997 390 3021 ct
401 2989 542 3030 judiciis,
559 2993 685 3029 propter
706 2987 835 3028 negotia
850 2988 1031 3019 domestica.

310 3064 315 3071 ,
361 3036 413 3070 54,
425 3036 477 3063 41.
500 3032 594 3073 ἄρχων
603 3033 651 3062 τὴν
661 3030 709 3077 ἐπιῖ
722 3033 775 3062 τῶν
787 3031 925 3072 θεωρικῶν
936 3032 1033 3074 ἀρχήν.

1081 303 1205 341 57,15.
1227 303 1450 346 χειροτονεῖσθαι
1472 305 1520 335 τῆν
1535 304 1620 345 ἀρχὴν
1634 304 1683 335 τῆν
1697 300 1755 333 επὶ

1082 348 1137 377 τῶν
1153 347 1369 388 θεωρικῶν.57,
1386 349 1437 378 19.
1461 346 1494 378 ἶν’
1511 346 1560 376 ἐπι
1580 358 1630 380 της
1648 345 1754 377 ὑποθέ-

1083 400 1154 424 σεως
1167 391 1254 431 μένω.
1272 394 1326 427 64,
1341 394 1393 422 31.
1416 389 1460 430 ἐφ’
1474 392 1562 430 ἦμῶν,
1578 394 1682 425 aetate,
1692 399 1756 418 rne-

1083 434 1178 464 moria
1196 441 1311 465 nostra.
1322 437 1376 470 72,
1393 437 1446 465 23.
1468 435 1511 473 μὴ
1527 432 1657 473 τρόπαιον
1671 433 1757 461 ἱστα-

1084 487 1116 506 τε
1127 475 1172 518 ἐφ’
1181 478 1260 518 υμῶν
1271 479 1362 509 αὑτῶν
1375 477 1400 507 ἐν
1411 489 1446 508 τη
1459 476 1589 508 Διονύσου
1601 475 1758 517 ὄρχηστρα,

1083 525 1189 550 contra
1200 531 1264 552 vos.
1278 521 1337 552 nisi
1354 521 1457 562 potius
1472 519 1523 560 ἀφ’
1537 520 1616 559 ὑμῶν
1631 519 1691 558 leg.
1701 523 1759 548 est.

1083 565 1139 600 75,
1154 565 1207 594 40.
1229 564 1323 604 κύκλῳ
1345 564 1479 605 περιδινῶν
1501 561 1619 593 σεαυτὸν
1640 560 1687 591 ἐπι
1707 561 1758 590 τοῦ

1085 606 1229 647 βηματος.
1252 610 1306 644 77,
1322 610 1375 639 29.
1400 606 1528 647 ἀκαιρίας
1548 604 1595 636 ἐπι
1617 603 1760 638 τοιαύτης.

1086 653 1207 687 84,11.
1232 649 1287 681 ἐπι
1310 654 1365 681 τῶν
1382 653 1479 690 καιρῶν
1500 661 1547 679 και
1573 648 1622 678 τοῦ
1643 646 1761 687 συμφέ-

1085 704 1175 733 ροντος
1188 694 1407 731 πολιτεύεσθαι,
1428 693 1504 735 (nisi
1526 691 1693 734 legendum
1713 695 1762 721 est

1085 735 1133 776 ἐκ)
1149 748 1203 778 pro
1220 737 1342 769 ratione
1362 743 1550 778 temporum,
1566 739 1599 765 et
1621 740 1655 765 ut
1680 734 1760 764 salus

1086 781 1266 821 reipublicae
1290 782 1402 822 poscit,
1423 780 1573 812 accedere
1591 778 1630 808 ad
1655 787 1763 818 geren·

1090 824 1162 854 darn
1173 825 1408 865 rempublicam.
1419 825 1471 860 85,
1483 826 1535 854 20.
1560 821 1616 852 ἐπι
1627 822 1764 854 ’τελευτης

1087 865 1259 908 ἐνέγραψεν’
1249 879 1275 898 εν
1287 868 1326 908 τῇ
1337 867 1490 907 ἐπιστολη,
1500 866 1533 896 in
1542 864 1690 918 clausula,
1701 864 1762 894 fine

1089 911 1229 951 epistolae
1250 911 1424 951 adscripsit.
1441 913 1494 945 88,
1509 912 1541 939 1.
1562 907 1608 938 ἐπ’
1619 907 1764 947 ὀνομάτων

1087 953 1134 984 δια
1156 966 1207 988 της
1233 953 1380 989 πολιτείας
1400 952 1537 985 πλέοντα.
1564 954 1619 988 89,
1636 954 1689 980 41.
1714 949 1764 980 ἐπὶ

1089 999 1224 1032 τελευτης
1239 997 1285 1029 ηδη
1306 999 1356 1027 τοῦ
1377 996 1470 1036 λόγου.
1488 998 1611 1032 90,14.
1643 993 1763 1030 2)cum

1090 1041 1209 1071 dativo.
1233 1040 1281 1072 ἐπι
1304 1052 1364 1075 τοις
1385 1037 1526 1080 δημοσίοις
1541 1040 1644 1077 ἀγῶσι.
1662 1040 1763 1073 1,10.

1091 1082 1136 1123 ἐφ
1159 1082 1235 1125 ὕβρει
1257 1084 1337 1126 (quo
1353 1083 1575 1123 dedecoretur)
1593 1081 1767 1134 πιπράσκειν

1091 1127 1125 1157 τό
1146 1130 1248 1168 σῶμα.
1264 1130 1297 1164 5,
1311 1129 1342 1159 5.
1365 1124 1628 1177 ὑπεραισχύνεσθαι
1653 1123 1702 1155 ἐπι
1722 1122 1767 1163 τᾷἰ

1092 1171 1261 1211 πράγματι.
1280 1172 1313 1208 5,
1333 1172 1387 1202 21.
1421 1169 1586 1223 μισθαρνῶν
1615 1165 1661 1198 ἐπ’
1686 1166 1768 1206 αὐτῷ’

1092 1225 1194 1253 ΤΟυΤίΙ),
1208 1226 1219 1243 0
1219 1213 1409 1267 ἀφαγῦξέυέὖ
1424 1226 1437 1243 0
1454 1225 1536 1253 ἹΟμΟς
1547 1215 1600 1264 μΙῆ
1620 1211 1768 1252 πράττειν.

1093 1259 1124 1293 6,
1141 1259 1195 1288 22.
1217 1256 1377 1298 ἐπίταγμα
1391 1255 1480 1298 ἕτερον
1491 1256 1535 1296 ἐφ’
1546 1254 1629 1296 ἑτέρῳ
1641 1253 1768 1285 ἐπιτάτ-

1092 1311 1160 1336 τειν,
1175 1300 1259 1330 aliud
1284 1311 1322 1330 ex
1342 1301 1414 1331 alio.
1439 1302 1492 1335 13,
1508 1302 1563 1331 37.
1586 1311 1619 1328 το
1641 1299 1684 1338 μὴ
1706 1294 1768 1327 ἐπί-

1092 1343 1230 1373 στασθαι
1242 1341 1316 1384 ἐρυθρ
1319 1355 1361 1373 ιαν
1373 1342 1421 1374 ἐπι
1433 1355 1494 1376 τοις
1507 1342 1650 1384 αἲσχροις.
1667 1342 1720 1376 15,
1734 1343 1766 1370 7.

1093 1386 1271 1440 δανείζεσθαι
1285 1389 1334 1418 τὴν
1348 1388 1421 1427 μνΞίν
1432 1384 1486 1415 ἐπ’
1497 1385 1569 1415 ἐννέα
1579 1385 1697 1418 ὀβολοῖς.
1714 1386 1768 1419 15,

1094 1432 1146 1460 16.
1170 1429 1218 1459 επι
1230 1441 1265 1458 τη
1282 1441 1364 1469 πυρα
1376 1429 1569 1464 καθεύδοντος.
1586 1430 1641 1464 20,
1652 1430 1703 1459 28.
1719 1426 1767 1457 ἐπὶ

1095 1472 1133 1513 τῇ
1148 1470 1278 1513 διατριςῃ
1286 1475 1341 1502 τῶν
1352 1473 1514 1525 μειρακίων.
1528 1472 1582 1507 25,
1597 1473 1631 1502 3.
1646 1481 1738 1510 κοσμε
1728 1482 1766 1499 ..ι-

1094 1515 1169 1545 σθαι
1195 1527 1315 1554 γυναικα
1335 1516 1384 1546 οὐκ
1399 1515 1434 1546 ἐα
1449 1514 1549 1552 Σόλων,
1565 1513 1612 1554 ἐφ’
1627 1517 1641 1555 ᾗ
1659 1525 1692 1543 αν
1707 1513 1770 1552 αλᾷἷ

1094 1557 1208 1601 μοιχός.
1225 1562 1278 1595 26,
1296 1561 1347 1589 12.
1372 1559 1520 1590 τηναὺτῶν
1532 1556 1666 1588 αναίδειαν
1678 1568 1771 1596 παρα-

1094 1602 1215 1644 σχόντες
1229 1601 1415 1643 ἐπιμισθῷ.
1434 1604 1487 1638 26,
1509 1604 1562 1633 24.
1585 1600 1653 1631 ἀλλ’
1673 1599 1718 1640 ἐφ’
1733 1603 1771 1635 οῖς

1095 1644 1326 1686 εὖφρανθησονται
1340 1646 1586 1687 κατορθώσαντες,
1603 1644 1713 1678 τούτοις
1727 1654 1773 1673 κε·

1094 1689 1241 1720 κηληνται.
1264 1691 1392 1725 27,12.
1415 1689 1508 1730 φέρνην
1528 1688 1576 1720 ἐπὶ
1602 1687 1639 1729 τῇ
1661 1686 1770 1726 γυναικὶ

1096 1732 1197 1765 λαβειν
1213 1734 1262 1764 τῆν
1259 1733 1382 1790 Νχώραν.
1401 1735 1455 1769 32,
1478 1735 1531 1763 22.
1553 1730 1600 1763 ἐπι
1616 1730 1688 1771 ξενίᾳ.
1703 1736 1771 1760 κλη

1096 1774 1219 1807 θεντων
1211 1787 1295 1830 ημων.
1317 1779 1369 1810 33,
1392 1778 1444 1806 21.
1468 1775 1494 1806 ἐν
1509 1787 1576 1811 ταις
1593 1783 1717 1815 ψονικαις
1732 1772 1771 1801 δι’-

1096 1832 1161 1854 καις
1185 1818 1234 1850 ἔπι
1255 1819 1418 1850 παλλαδίω.
1440 1822 1495 1856 39,
1517 1821 1569 1850 35.
1594 1822 1631 1853 οἱς
1646 1817 1772 1857 γέλωτες

1095 1863 1146 1892 οὐκ
1166 1863 1188 1893 οἶ
1213 1863 1349 1904 τυχόντες
1368 1854 1416 1894 ἐπὶ
1437 1861 1576 1896 'rothom’
1567 1862 1695 1900 εγένοντο.
1717 1864 1773 1896 42,

1098 1916 1170 1953 pen.
1195 1905 1241 1935 ἐπὶ
1266 1905 1476 1946 πεπραγμένοις
1494 1905 1612 1944 ἐγένετο,
1633 1906 1700 1935 haec
1718 1904 1774 1934 ob-

1075 1949 1466 1990 jurgati0‚1epre11ensio,
1474 1949 1620 1980 veniebat
1630 1953 1700 1989 post
1709 1958 1773 1978 rem

1094 1993 1161 2034 jam
1184 1993 1311 2028 factam,
1336 1998 1475 2034 tempore
1500 1993 1695 2043 importuno,
1702 2001 1773 2021 cuni

1099 2036 1147 2088 nil²
1160 2035 1290 2077 amplius
1308 2037 1481 2076 prodesset.
1498 2038 1553 2073 44,
1570 2038 1622 2066 29.
1644 2033 1775 2065 κλέπται

1099 2078 1147 2110 ἐπ’
1161 2079 1313 2119 αὐτοφώρῳ
1328 2082 1384 2109 τῶν
1403 2078 1543 2133 δημοσίων
1559 2079 1719 2119 χρημάτων
1734 2076 1774 2107 ὅν-

1100 2133 1159 2157 τες.
1174 2125 1228 2158 55,
1245 2126 1296 2153 12.
1321 2121 1376 2153 ἐπὶ
1393 2124 1482 2154 πάση
1505 2123 1612 2163 ἀεργίᾳ,
1637 2132 1674 2152 ea
1692 2121 1774 2162 lege,

1101 2171 1136 2196 ut
1151 2171 1230 2196 terra
1249 2167 1320 2202 ista,
1335 2166 1420 2197 nullo
1437 2177 1549 2206 genere
1565 2165 1711 2196 arationis
1726 2175 1773 2195 sa-

1101 2209 1234 2240 tionisve
1258 2209 1386 2240 colatur.
1413 2211 1466 2245 69,
1492 2213 1523 2239 1.
1556 2208 1774 2248 στεφανοῦσθαι

1102 2252 1150 2282 ἐπὶ
1163 2263 1230 2287 ταις
1243 2264 1294 2287 της
1306 2251 1414 2288 πόλεως
1429 2252 1575 2294 ἀτυχίαις
1587 2254 1642 2288 72,
1660 2254 1710 2282 22.
1730 2250 1777 2292 ἐφ’

1102 2306 1159 2336 ῳτε
1171 2309 1214 2336 μη
1231 2297 1395 2336 επιγραφειν
1411 2298 1451 2327 τὰ
1466 2295 1570 2326 ἑαυτῶν
1581 2294 1719 2335 ὄνόματα,
1734 2306 1775 2325 ne

1102 2350 1158 2370 sua
1173 2339 1298 2369 nomina
1314 2339 1528 2370 inscriberent.
1551 2341 1604 2374 80,
1625 2341 1655 2369 5.
1679 2337 1724 2378 ἐφ’
1740 2350 1777 2373 οις

1103 2384 1118 2413 ἦ
1144 2382 1227 2416 πόλις
1252 2381 1391 2413 ἐπένθησε
1414 2383 1461 2412 καὶ
1489 2381 1623 2422 ἐκείρατο.
1649 2384 1701 2417 84,
1723 2385 1776 2412 14.

1103 2423 1240 2461 Cae-&vm
1257 2424 1305 2456 ἐπ’
1319 2425 1426 2461 αἰτίαις
1440 2426 1591 2464 ἀγενήτοις.
1607 2427 1660 2460 86,
1678 2428 1707 2454 1.
1739 2427 1778 2465 3)

1104 2480 1174 2500 cum
1196 2470 1386 2500 accusativo.
1400 2468 1468 2507 μηδ’
1483 2468 1530 2500 ἐπὶ
1544 2466 1683 2509 κηρυκείαν
1697 2469 1778 2498 ἀπο-

1104 2511 1284 2542 στελλέσθω.
1299 2515 1332 2549 3,
1346 2513 1402 2543 ult.
1424 2511 1688 2552 μεταπέμπεσθαί
1700 2510 1780 2542 ποθεν

1105 2553 1227 2586 ξοῆθειαν
1250 2553 1299 2587 ἐπί
1317 2567 1393 2593 τινα,
1414 2560 1519 2587 contra
1540 2565 1644 2595 quem.
1669 2557 1700 2589 5,
1727 2558 1778 2586 24.

1106 2599 1255 2640 τράπηται
1277 2596 1302 2628 δ’
1318 2598 1367 2630 ἐπὶ
1387 2599 1421 2629 τὸ
1443 2597 1654 2628 ἀναιδέστατον.
1678 2601 1710 2634 7,
1727 2602 1779 2630 21.

1108 2650 1209 2681 φοιταν
1229 2641 1277 2672 ἐπι
1302 2654 1351 2673 την
1372 2641 1468 2672 οἰκίαν.
1485 2644 1516 2678 9,
1537 2643 1568 2671 4.
1591 2640 1732 2681 καθίζει’
1723 2643 1780 2672 επι

1106 2684 1152 2715 τὸν
1167 2684 1265 2726 Βωμόν
1283 2697 1334 2720 της
1346 2697 1453 2727 μητρος
1467 2686 1522 2714 τῶν
1536 2683 1610 2714 θεῶν.
1634 2687 1734 2721 9,14.
1758 2686 1780 2715 εἶ

1107 2727 1163 2758 ἐπι
1177 2740 1226 2759 την
1237 2730 1321 2760 αὐτην
1319 2727 1480 2780 ἐτράπετο
1490 2726 1653 2766 ἀπολογίαν.
1666 2731 1716 2763 12,
1727 2731 1780 2758 27.

1107 2772 1296 2811 καταφεύγειν
1317 2770 1365 2801 ἐπί
1389 2783 1462 2802 τινα
1482 2774 1536 2806 19,
1557 2771 1614 2802 ult.
1636 2770 1708 2802 ὥστ’
1728 2771 1782 2801 ουδ’

1107 2813 1335 2845 απαντησεσθαί
1345 2826 1385 2853 με
1401 2814 1458 2845 ἐπι
1472 2814 1506 2844 τὸ
1526 2814 1711 2855 δικαστηριον.
1729 2817 1783 2851 24,

1107 2868 1181 2899 pen.
1204 2857 1363 2898 ἐφιστάνειν
1381 2857 1431 2889 ἐπί
1451 2870 1526 2888 τινα.
1546 2857 1708 2888 ἐπέστησα
1735 2857 1785 2889 ἐπι

1108 2900 1154 2932 τόν
1165 2902 1311 2953 κατήγορον
1327 2900 1467 2932 Φιλιππον
1480 2913 1528 2932 και
1545 2900 1668 2934 Φωκέας.
1683 2902 1769 2936 ⁰25,5
1749 2911 1781 2931 ο.

1110 2943 1248 2985 προβαίνει
1272 2957 1305 2974 το
1326 2944 1384 2979 ἔθος
1406 2943 1454 2975 ἐπὶ
1469 2945 1553 2976 πολύ.
1572 2945 1625 2979 25,
1643 2946 1695 2975 30.
1719 2943 1783 2974 ἐπι·

1110 2988 1291 3029 γραφθμξνων
1308 2987 1438 3018 ’Τοιούτων
1459 2987 1571 3029 ῥητόρων
1587 2998 1641 3017 Εωί
1657 2989 1713 3021 τὰς
1732 2999 1782 3016 ΤΘΗ

1112 3032 1201 3071 δήμου
1216 3033 1339 3070 γνώσεις.
1357 3035 1409 3069 26,
1425 3033 1477 3063 38.
1502 3033 1542 3061 τὰ
1551 3032 1605 3061 τῶν
1616 3029 1677 3061 νέων
1692 3030 1782 3070 ζηλώ-
