1916 3340
282 164 306 205 6
714 161 908 203 INDEX
943 159 1322 203 GRAECITATIS

280 268 496 310 ἀναμάρτητος]
513 268 710 308 ἀναμάρτητοι
723 271 778 299 τᾶν
789 272 932 307 γυναικῶν.
950 271 1002 304 26,

327 314 379 341 14.

281 353 439 394 ἀναμένειν]
456 366 503 383 ουκ
518 352 653 384 έδύνατο’
639 353 781 393 ἀναμένειν
796 354 829 383 τὸ
842 354 936 383 πλέον.
951 356 1002 389 13,

324 400 377 426 40.
405 398 591 435 μελλήματα
615 400 669 427 τῶν
688 397 823 426 Ἐλλήνων
838 397 1001 436 ’ἀναμένειν.

325 443 378 474 64,
395 445 425 470 4.
448 440 581 481 ῥητορικὴν
595 439 696 471 δειλίαν
708 439 838 480 δημόσιος
852 439 942 479 καιρὸς
956 440 1004 470 οὐκ

327 482 467 522 ἀναμένει.
483 485 537 518 77,
553 485 584 513 7.

282 526 471 567 ἀναμιγνύειν]
493 525 728 567 ἀναμιχθήσεται
751 524 779 553 δὲ
799 525 847 553 καὶ
868 523 900 553 τὸ
916 523 1002 562 ’ὄνομα

324 567 511 610 Ἀλεξάνδρου,
536 569 758 599 immiscebitur
773 568 867 597 etiam
890 578 1004 597 nomen

326 611 503 642 Alexandri.
520 615 573 648 524,
591 615 619 641 1.

282 655 515 695 ἀναμιμνήσκειν,
542 664 683 685 revocare
705 653 791 683 alteri
813 653 844 683 iu
862 653 1004 683 memori-

326 709 384 728 am.
404 701 457 734 12,
478 701 531 728 41.
556 695 824 737 ἀναμιμνήσκεσθαι
846 697 941 738 ἡσυχῆ
955 696 1003 725 καὶ

329 743 408 771 κατὰ
423 740 530 781 μικρόν.
547 743 600 775 33,
621 744 647 769 1.

282 785 451 824 ἀνάμνησις]
476 784 514 817 εἷς
527 784 680 823 ἀνάμνησιν
704 783 822 820 ἀγαγεῖν
837 784 892 811 τῶν
914 793 1004 813 κατη-

325 826 488 866 γορημένων.
502 829 553 861 49,
563 828 616 857 33.

283 868 421 922 ἀνανδρία]
461 869 492 907 ἐξ
520 867 660 910 ἀνανδρίας
684 867 754 902 τινὸς
780 868 828 897 καῖ
858 866 1005 902 κιναιδείας

326 924 450 951 τουνομα
477 912 666 951 ἐνεγκάμενος.
695 914 748 946 18,
778 914 829 941 29.
868 910 1005 951 ἀνανδρίαν

325 957 474 989 καλουντες
492 966 541 986 την
564 955 666 996 εἰρήνην.
683 957 736 989 46,
758 958 810 985 18.
833 953 1005 1005 θεωρῶνωίι-

327 999 447 1033 dicans‚
470 997 618 1038 metiens)
642 997 687 1027 τὸν
706 996 880 1038 Ἀλέξανδρον
904 997 951 1027 οὐκ
973 996 1005 1026 ἐκ

326 1043 377 1075 τῆς
390 1041 567 1082 Ἀλεξάνδρου
589 1041 709 1081 φύσεως,
725 1039 793 1070 ἀλλ
814 1039 845 1070 ἐκ
868 1052 918 1074 της
941 1040 1005 1070 έαυ-

327 1086 376 1114 τοῦ
398 1083 549 1124 ἀνανδρίας.
571 1087 626 1120 76,
652 1088 704 1115 28.
728 1083 822 1123 εφόδια
846 1082 1006 1123 πεπόρισαι

327 1128 366 1168 τῇ
381 1129 488 1157 σαυτοῦ
505 1126 637 1168 ἀνανδρία.
654 1130 706 1162 84,
721 1129 750 1157 5.
774 1126 1006 1168 προσεικασθῆναι

326 1170 366 1201 τῗί
380 1170 580 1210 Δημοσθένους
592 1169 725 1210 ἀνανδρία.
743 1173 796 1206 89,
815 1174 865 1200 11.

284 1214 423 1255 ἄνανδρος]
447 1213 516 1254 μηδ
537 1214 651 1254 ἀνάνδρῳ
673 1214 719 1243 καὶ
743 1211 885 1252 γυναικείου
902 1214 951 1244 την
965 1212 1006 1253 ὄρ-

328 1259 376 1295 γῆν
391 1257 527 1297 ἀνθρώπῳ
544 1257 792 1308 παραδουναι.52,
812 1258 862 1286 17.

285 1300 443 1340 ἀνάνδρως
434 1311 548 1338 ενεγκειν
563 1300 610 1329 τὸν
622 1298 715 1338 φόβον.
733 1302 786 1335 89,
801 1301 854 1329 35.

286 1343 408 1383 ἀνάξιος]
433 1342 498 1383 πρδς
520 1344 734 1381 ἀνταγωνιστὰς
758 1341 883 1380 ἀναξίους
906 1341 1006 1372 ἑαυτοῦ

330 1386 537 1416 διακινδυνεύειν.
555 1388 608 1421 66,
623 1388 675 1415 17.

286 1430 472 1459 ἀνάπαιστον.
496 1432 549 1464 22,
564 1430 617 1460 27.

286 1470 504 1503 ἀναπείθεσθαι.
522 1475 574 1508 90,
591 1474 642 1502 13.

283 1514 499 1556 ἀναπέμπειν]
534 1514 765 1546 Lacedaemonii
792 1513 949 1554 μέλλουσιν
975 1515 1010 1549 ὡς

328 1558 504 1599 Ἀλέξανδρον
536 1557 771 1599 ἀναπέμπεσθαι
802 1558 1009 1599 ὁμηρεύσοντες.

330 1604 384 1637 72,
401 1602 456 1632 35.

284 1645 439 1685 ἀναπηδᾷν,
462 1646 651 1676 adscendere
681 1644 815 1675 tribuual
840 1645 879 1674 ad
904 1645 1011 1675 dicen-

332 1689 418 1718 dum.
436 1691 490 1724 10,
507 1691 558 1719 31.
581 1688 726 1728 ἀναπηδᾷν
741 1687 788 1718 ἐπὶ
805 1686 838 1717 τό
853 1688 949 1727 βῆμα,
964 1688 1011 1718 in-

330 1731 423 1767 silire,
447 1732 615 1773 irrumpere
636 1731 731 1762 illotis
749 1731 883 1772 pedibus
905 1732 934 1761 in
958 1732 1011 1761 tri—

331 1775 435 1810 bunal,
460 1776 609 1806 accedere
637 1776 678 1805 ad
699 1785 862 1804 causarum
887 1774 918 1804 in
943 1774 1010 1805 foro

330 1818 482 1853 actiones,
510 1819 664 1849 desertum
699 1818 739 1847 ab
771 1817 887 1848 artibus
918 1818 947 1847 ei
970 1817 1011 1848 rei

332 1862 512 1891 exercendae
529 1861 720 1892 necessariis.
737 1862 790 1896 78,
806 1862 858 1891 29.

287 1903 438 1943 ἀνάπηρος]
462 1905 597 1944 ἀνάπηρον
612 1904 707 1934 ποιεῖν.
723 1905 777 1940 26,
796 1906 846 1934 16.

287 1947 528 1987 ἀναπιμπλάναι]
552 1949 664 1988 λῃστῶν
687 1945 764 1985 δόξης
786 1945 1011 1986 ἀνεπίμπλατο.

331 1992 385 2026 37,
407 1991 459 2020 23.
483 1990 562 2029 φόνου
582 1988 685 2019 δικαίου
707 1989 806 2029 μηδεὶς
828 1989 923 2020 ἑαυτὸν
946 1990 1012 2019 ἀνα-

331 2035 445 2064 πλῆσαι
457 2030 593 2069 Cabum-ro,
605 2031 676 2063 ἦπου
687 2031 781 2062 ἀδίκου
792 2043 825 2070 γε
837 2033 1012 2073 φυλάξαιτο,

333 2078 451 2110 39,41.

288 2118 461 2158 ἀναποδίζειν
474 2117 520 2149 τὸν
534 2118 730 2160 γραμματέα,
748 2118 862 2160 jubere
878 2119 945 2160 jam
967 2129 1013 2149 re-

334 2162 429 2192 citata
441 2173 460 2192 a
475 2163 572 2193 scriba
584 2164 687 2192 denuo
703 2162 833 2193 recitari.
858 2165 911 2197 81,
928 2165 980 2193 26.

290 2204 489 2241 ἀναπτὲίσθαι,
514 2206 563 2236 vel
579 2204 801 2241 ἀναπέτεσθαι,
816 2206 867 2236 vel
889 2205 1012 2236 ἀνίπτα-

334 2247 418 2288 σθαι]
435 2248 482 2278 οὐκ
493 2249 582 2284 ἔστιν,
591 2247 644 2279 δ’πη
655 2249 874 2288 ἀναπτήσομαι.
886 2251 939 2284 83,
953 2250 1007 2279 ult.

289 2289 486 2331 ἀνάπτεσθαι]
509 2290 686 2330 ἀναφθέντος
708 2293 758 2321 τοῦ
784 2293 884 2331 δήμου,
907 2303 1008 2323 rursus

334 2335 373 2364 ad
386 2334 481 2364 vitam
494 2336 583 2375 quasi
593 2340 739 2365 revocato
752 2335 880 2376 populo,
894 2341 927 2365 ut
939 2346 1009 2366 cum

333 2377 432 2407 fomes
446 2378 659 2414 resuscitatur,
675 2380 729 2413 51,
745 2381 798 2408 42.

291 2420 474 2461 ἀναρπάζειν]
489 2419 556 2460 μεθ’
570 2419 675 2461 ἡμέραν
686 2421 757 2461 μίαν
772 2420 804 2450 ἐκ
815 2422 867 2456 τῆς
875 2420 1010 2456 Ἑλλάδος

334 2464 527 2503 ἀνήρπασται,
538 2464 647 2494 civitas
656 2465 722 2494 haec
734 2463 883 2505 (Thebae)
892 2476 908 2494 e
921 2463 1010 2494 Grae-

334 2506 384 2537 cia
407 2507 511 2537 media
535 2507 620 2537 velut
649 2507 760 2538 evulsa
782 2514 857 2538 erat.
879 2510 934 2542 72,
956 2510 1008 2539 31.

336 2551 448 2580 ναυτικὴ
473 2549 522 2579 καὶ
543 2549 613 2590 πεζὴ
630 2553 758 2590 στρατιὰ
781 2550 829 2579 καὶ
847 2549 943 2585 πόλεις
961 2551 1010 2591 ἀρ-

337 2593 381 2622 δην
396 2592 465 2622 εἰσιν
480 2592 703 2633 ἀνηρπασμέναι.
719 2595 761 2623 7
743 2608 773 2629 7,
790 2596 842 2622 11.

292 2635 422 2676 ἀναῤῥειν,
444 2635 494 2666 vel
515 2637 647 2677 ἀνειπεῖν]
671 2636 810 2676 στέφανον
831 2637 963 2688 χρυσοῦν,
980 2635 1008 2672 ὃς

337 2678 369 2708 ἂν
381 2677 406 2708 ἐν
420 2677 559 2719 θεάτρῳ’
549 2690 574 2708 εν
586 2679 672 2709 ἄστει
688 2679 838 2721 ἀναῤῥηθῃ,
852 2679 913 2721 ἱερὸν
925 2678 1007 2711 Ἀθη-

337 2732 384 2754 νας
396 2727 462 2751 εἰναι
477 2723 582 2752 κελεύει
595 2722 608 2751 ὅ
623 2722 716 2763 νόμος.
734 2726 788 2759 60,
804 2725 834 2754 9.

292 2764 439 2805 ἀνάρῥησις
453 2766 501 2794 τοῦ
518 2766 669 2804 στεφάνου.
685 2768 739 2802 58,
755 2769 808 2797 20-

292 2806 503 2848 ἀναστενάζειν]
520 2808 622 2843 αὐτους
631 2810 695 2844 τοὺς
713 2809 822 2848 τάφους
834 2810 890 2839 τᾶν
901 2809 1008 2849 προγό-

337 2860 383 2878 νων
394 2861 442 2879 ουκ
458 2863 490 2880 αν
505 2850 591 2881 οἴεσθε
606 2852 812 2905 ἀναστενάξειν.
830 2855 882 2889 90,
898 2855 950 2883 29.

292 2891 491 2933 ἀναστρέφειν]
508 2894 762 2935 ἀναστρέφεσθαι’
752 2906 778 2925 εν
792 2896 869 2935 υμῖν.
886 2898 941 2931 49,
954 2898 1006 2927 23.

292 2934 470 2976 ἀνατέμνειν]
491 2938 713 2977 ἀνατετμήκασί
725 2950 796 2973 τινες
810 2941 850 2970 τοὶ
862 2940 1007 2979 κλήματα

339 2980 389 3007 τοῦ
405 2978 502 3018 δήμου.
518 2983 572 3017 77,
587 2983 638 3012 26.

1036 266 1192 298 ἀνατιθέναι
1209 279 1260 297 τινι
1282 269 1337 302 τὰς
1351 265 1447 301 αἶτίας
1460 269 1514 297 τῶν
1529 278 1744 310 πεπραγμενων

1081 314 1134 347 29,
1152 313 1203 341 25.
1220 309 1352 349 ἀνάθημα
1374 309 1520 341 ἀναθεῖναι.
1542 313 1594 347 56,
1609 315 1659 342 40
1677 313 1743 341 ἀνα·

1080 354 1171 383 θεῖναι
1189 355 1248 387 τοῖς
1269 353 1344 387 ἓεοις
1365 354 1457 394 χώραν
1476 353 1523 384 ἐπι
1539 355 1619 395 πάσῃ
1637 353 1743 394 ἀεργία.

1081 399 1133 432 68,
1158 397 1214 426 ult.
1239 396 1372 430 ἀσπίδας
1391 399 1503 437 χρυσέῐς
1527 386 1670 436 ἀνέθεμεν.
1691 401 1745 433 70,

1080 442 1111 471 3.
1129 442 1183 469 τῶν
1206 439 1244 473 εἷς
1268 439 1314 469 τὸν
1335 439 1461 479 πόλεμον
1485 440 1682 479 ἀναλωμάτων
1704 441 1746 469 τὰ.

1080 482 1125 512 δύο
1146 482 1217 523 μέρη
1235 483 1302 521 ὑμῖν
1316 481 1445 518 ἀνέθηκε,
1461 482 1619 522 imposuit.
1644 484 1698 518 74,
1713 484 1745 513 3.

1080 527 1128 556 τὴν
1143 524 1288 565 ἡγεμονίαν
1300 524 1377 564 ἄρδην
1389 524 1474 564 φέρων
1486 524 1595 555 ἀνέθηκε
1605 524 1747 559 Θηβαίοις.

1080 569 1134 604 74,
1160 570 1190 598 6.
1214 566 1381 601 ἀνατιθέναι,
1404 568 1566 608 imputare.
1589 570 1630 598 τὰ.
1654 567 1746 607 ἔνδοξα

1080 611 1129 640 καὶ
1155 613 1283 650 λαμπροὶ
1308 613 1361 640 τῶν
1384 611 1566 650 πραγμάτων
1586 609 1749 641 ἀνετίθεσαν

1081 654 1125 692 τῷ
1140 654 1229 694 δήμῳ.
1247 656 1300 690 86,
1315 656 1368 684 42.
1383 652 1547 683 ἀνατιθέναι
1563 653 1616 684 τινὶ
1636 657 1692 688 τὰς
1704 654 1750 683 αἰ-

1080 695 1157 732 τίας,
1173 698 1335 737 imputare‚
1352 697 1535 727 adscribere.
1550 699 1603 734 87,
1618 699 1670 728 38.

1038 739 1201 779 ἀνατρέπειν
1216 741 1264 770 τὴν
1278 742 1361 770 κοινὴν
1380 737 1518 769 παιδείαν.
1537 742 1590 776 26,
1606 743 1659 770 31.
1682 740 1749 770 ἀνα-

1081 783 1256 823 τετροφότας
1285 782 1398 817 πόλεις.
1430 785 1482 818 27,
1507 785 1539 813 4.
1576 782 1750 824 ἀνατρέπειν

1081 827 1185 855 πλοῖον.
1205 827 1259 861 76,
1285 828 1337 854 11.
1367 825 1447 865 ἄρδην
1468 825 1678 868 ἀνατετροφότα
1701 828 1750 858 τῆν

1080 867 1208 898 Ἑλλάδα
1223 868 1271 898 καὶ
1285 870 1332 899 τὴν
1345 868 1436 899 πόλιν.
1447 870 1565 903 76,12.

1038 910 1256 951 ἀναφαίνεσθαι,
1269 918 1429 952 usurpatur
1443 913 1483 942 de
1506 922 1538 942 re
1560 912 1659 943 subito
1673 913 1751 943 exsi-

1081 960 1193 990 stente,
1206 955 1276 990 alia,
1289 965 1383 995 quam
1398 965 1453 996 pro
1468 965 1523 996 spe
1539 965 1556 985 e
1572 957 1663 986 rebus
1678 961 1751 987 ante

1082 998 1172 1028 factis
1198 998 1247 1028 vel
1271 998 1365 1038 gestis
1391 1003 1553 1038 concepta.
1579 999 1751 1039 λογογράφος

1082 1040 1114 1070 ἐκ
1129 1042 1294 1082 τριηράρχου
1308 1042 1436 1080 ἀνεφάνη.
1449 1043 1504 1077 78,
1520 1043 1572 1072 26.

1039 1084 1194 1126 ἀναφέρειν]
1221 1084 1306 1125 χίλια
1332 1086 1466 1114 τάλαντα
1488 1082 1670 1124 νομίσματος
1694 1085 1752 1127 (si-

1083 1133 1184 1169 gnatae
1200 1127 1383 1168 pecuniae)
1369 1127 1555 1168 ἀνηνέγκαμεν
1567 1129 1605 1162 εις
1613 1129 1662 1159 την
1672 1128 1752 1170 ἀκρό-

1083 1177 1174 1202 πολιν.
1195 1172 1250 1207 51,
1271 1174 1323 1202 25.
1347 1173 1401 1202 31.
1430 1169 1571 1211 ἀναφέρειν
1596 1183 1674 1211 αυτῳ
1697 1174 1753 1202 τῶν

1082 1215 1250 1255 λημμάτων
1261 1227 1302 1244 τα
1312 1213 1394 1254 μέρη.
1410 1216 1465 1251 74,
1481 1214 1535 1244 ult.
1552 1213 1692 1255 ἀναφέρειν
1703 1213 1753 1246 ἐπί

1083 1269 1147 1287 τινα
1163 1256 1268 1292 αἰτίας.
1286 1261 1338 1293 84,
1351 1260 1404 1289 36.

1041 1300 1179 1341 ἀναφορὰ]
1203 1299 1357 1330 κατέλιπον
1372 1301 1468 1334 αὐτοῖς
1482 1302 1529 1332 τὴν
1545 1300 1583 1334 εἰς
1603 1299 1636 1330 τὸ
1650 1300 1755 1341 ἀφανὲς

1083 1345 1230 1383 ἀναφοραν,
1246 1343 1409 1384 refugium,
1435 1349 1592 1384 receptum
1619 1345 1660 1374 ad
1685 1345 1754 1374 infi-

1085 1386 1247 1416 tiationem
1267 1386 1346 1435 ejtus,
1361 1387 1446 1427 quod
1462 1387 1522 1416 sibi
1536 1386 1755 1417 absconditum

1086 1429 1119 1460 iu
1134 1429 1243 1459 animis
1260 1430 1323 1459 suis
1347 1433 1561 1465 reservassent,
1575 1434 1607 1459 et
1621 1430 1730 1470 quod
1723 1440 1756 1461 m

1086 1473 1201 1508 animo,
1214 1482 1279 1502 cum
1293 1472 1483 1508 habuissent,
1494 1473 1640 1503 habuisse
1650 1478 1756 1503 tamen

1087 1515 1170 1557 argui
1194 1526 1256 1546 non
1279 1521 1417 1557 possent,
1434 1515 1617 1558 (reservatio
1640 1521 1755 1546 menta-

1086 1560 1152 1600 lis.)
1168 1561 1221 1594 41,
1238 1562 1291 1590 41.

1043 1604 1191 1642 ἀναφῦναι,
1204 1613 1232 1632 v.
1247 1602 1439 1633 ἀνάπτεσθαι.

1044 1647 1206 1688 ἀναχωρεῖν,
1227 1656 1295 1676 sese
1318 1646 1401 1682 illuc,
1425 1646 1508 1677 unde
1523 1652 1660 1684 venerat,
1679 1646 1757 1677 reci-

1088 1701 1172 1731 pere.
1187 1691 1241 1725 71,
1261 1693 1293 1721 4

1044 1734 1234 1779 ἀναχωρησις,
1245 1738 1396 1773 receptus.
1418 1731 1474 1763 δ’θεν
1489 1734 1532 1773 μὴ
1547 1732 1678 1764 νικήσασι
1693 1733 1756 1774 μά-

1087 1788 1141 1818 χην
1157 1776 1204 1805 οὐκ
1220 1780 1248 1806 ἠν
1260 1776 1450 1827 ἀναχώρησις.
1468 1779 1520 1812 66,
1537 1779 1569 1807 8.

1044 1818 1234 1860 ἀνδραγαθία]
1259 1817 1419 1859 ἐφικόμενος
1436 1832 1487 1854 της
1502 1817 1604 1850 ἐκείνων
1619 1819 1758 1858 ἀνδραγα-

1087 1862 1166 1899 θίας,
1182 1866 1386 1903 posteaquam
1411 1863 1547 1903 attigeris
1563 1862 1685 1892 illorum
1699 1862 1757 1892 vir-

1078 1911 1194 1937 tutem.
1211 1909 1264 1940 81,
1281 1907 1310 1936 9.

1044 1948 1226 1999 ἀνδράποδον]
1245 1947 1300 1977 ουδ’
1316 1948 1348 1978 ἀν
1362 1956 1446 1989 φησιν
1465 1947 1491 1978 ἐν
1510 1947 1643 1982 βασάνοις
1659 1948 1757 1988 ἀνδρα-

1089 1992 1177 2023 πόδων
1195 1989 1336 2030 γίνεσθαι,
1353 1996 1458 2032 negat,
1474 2002 1507 2022 se
1523 2001 1645 2021 causam
1659 1991 1761 2021 fortu-

1088 2045 1205 2076 nasque
1232 2044 1303 2065 suas
1328 2034 1454 2065 indiciis
1482 2033 1704 2074 mancipiorum
1727 2034 1759 2064 vi

1088 2081 1309 2108 tormentorum
1336 2077 1488 2118 expressis
1515 2077 1757 2108 commissurum.

1089 2122 1142 2158 45,
1156 2125 1186 2153 8.

1045 2165 1208 2205 ἀνδρόγυνος,
1232 2164 1442 2205 turpissimum
1458 2163 1639 2195 convitium.
1655 2164 1709 2200 45,
1726 2164 1758 2194 5.

1045 2206 1230 2249 ἀνδροκτασία
1243 2208 1344 2248 λυγρά..
1360 2210 1414 2242 21,
1426 2210 1478 2238 14.

1045 2250 1191 2285 ἀνελέητός
1204 2262 1251 2285 τις
1262 2249 1332 2291 εἶμί.
1349 2252 1403 2286 50,
1419 2251 1449 2280 8.

1043 2293 1228 2335 ἀνελευθερία]
1252 2292 1442 2333 ἀνελευθερίαν
1454 2295 1632 2332 καταγνῶναι
1645 2294 1697 2324 τοῦ
1714 2292 1759 2324 δή·

1086 2350 1153 2377 μου.
1172 2340 1290 2374 60,11.

1044 2379 1233 2422 ἀνέλπιστος]
1257 2379 1289 2410 τί
1309 2381 1364 2410 τῶν
1386 2377 1564 2410 ἀνελπίστων
1579 2378 1627 2409 και
1643 2381 1759 2420 ἀπροσ-

1088 2424 1208 2454 δοκήτων
1222 2436 1251 2454 ου
1267 2422 1372 2462 γέγονεν
1383 2421 1427 2462 εφ’
1442 2424 1530 2462 ημῶν.
1545 2425 1600 2458 72,
1616 2425 1670 2453 23.

1043 2466 1233 2507 ἀνεμέσητος]
1251 2465 1423 2507 ἀνεμέσητον
1434 2464 1464 2496 ἡν
1477 2465 1567 2506 αὐτῷ’,
1577 2465 1696 2495 invidia
1708 2476 1761 2496 ca-

1087 2511 1185 2547 rebat,
1210 2515 1303 2551 atque
1328 2509 1578 2551 reprehensione,
1603 2508 1689 2549 quod
1715 2508 1760 2539 sic

1089 2559 1203 2594 ageret.
1219 2556 1273 2588 63,
1290 2555 1321 2583 8.

1042 2595 1196 2637 ἀνέμητος]
1227 2596 1369 2637 ἀνεμητου
1393 2606 1445 2628 της
1470 2593 1565 2628 οὐσίας
1588 2593 1680 2629 οὔσης.
1707 2596 1760 2632 14,

1086 2642 1140 2670 30.

1042 2682 1247 2736 ἀνεπίφθονος]
1280 2679 1451 2720 ἀνεπίφθονον
1476 2679 1544 2711 εῖναί
1571 2691 1623 2721 μοι
1654 2678 1760 2721 νομίζω

1086 2737 1147 2768 περι
1160 2725 1267 2756 τουτων
1281 2723 1382 2762 λέγειν.
1397 2726 1451 2760 50,
1467 2726 1518 2754 30.

1042 2769 1119 2809 ἀνευ]
1138 2768 1255 2809 ἀφεθεις
1276 2767 1337 2797 ἄνευ
1354 2766 1470 2808 λύτρων.
1485 2769 1540 2803 30,
1554 2768 1607 2797 16.
1629 2766 1693 2798 ἀνευ
1707 2765 1758 2796 αὖ·

1085 2824 1146 2848 του,
1157 2812 1248 2848 clam,
1261 2810 1371 2851 procul
1380 2821 1430 2845 eo
1443 2810 1567 2841 excluso
1580 2820 1628 2840 eo.
1639 2812 1694 2846 74,
1706 2811 1760 2839 40.

1043 2854 1206 2896 ἀνήκεστος]
1233 2855 1336 2885 ἀνίατα
1357 2865 1405 2883 και
1426 2852 1569 2884 ἀνήκεστα
1594 2853 1683 2882 κακά.
1705 2852 1759 2888 75,

1087 2901 1139 2930 22
1159 2896 1322 2930 ἀνηκέστοις
1340 2897 1437 2930 κακοῖς
1457 2898 1507 2928 τῆν
1520 2894 1602 2927 πόλιν
1618 2894 1756 2936 περιβάλ-

1087 2947 1152 2970 λειν.
1168 2944 1221 2977 86,
1239 2944 1270 2971 8.

1042 2983 1202 3019 ἀνηκέστως
1216 2983 1305 3023 λέγειν
1316 2981 1378 3023 περί
1389 2993 1471 3022 τινος,
1485 2988 1538 3014 aut
1549 2988 1596 3015 est
1608 2981 1758 3023 improbe,
