1981 3322
701 432 1084 485 TABULA

374 610 620 650 EORUM
692 613 841 657 QUAE
896 612 1411 652 CONTINENTUR

866 764 919 795 IN

584 900 767 944 TOMO
802 900 1212 943 DUODECIMO.

155 1152 325 1196 Reiskii
348 1154 554 1197 Praefatio
578 1156 634 1197 ad
656 1133 916 1198 AEsehinen1
949 1189 959 1198 .
1082 1189 1090 1197 .

157 1229 206 1270 C.
230 1229 277 1271 F.
300 1229 506 1272 Matthaei
530 1230 724 1272 Libellus
747 1230 800 1272 de
824 1230 1037 1273 AEschine
1072 1263 1080 1272 .

151 1296 397 1371 Ἱερωνύμου
419 1297 610 1362 Βολφῖου
638 1297 869 1373 Προοίμιον
933 1339 944 1351 .

153 1378 373 1446 Αἶσχῖνου
394 1380 493 1439 Βῖος
519 1381 650 1433 aaron*
678 1380 977 1458 Πλούταρχον
1064 1421 1076 1433 .

153 1459 372 1528 Aio->glimo
396 1462 494 1522 Βῖος

149 1543 454 1597 Ἀπολλωνίου
479 1543 722 1613 Ἐξῆγησ-ις
748 1544 807 1606 εἷς
836 1545 1057 1613 Αἶσχῖνην

154 1731 301 1782 Kar&
328 1727 579 1805 Τιμάρχου
792 1746 985 1802 (Textus
1002 1745 1178 1802 Taylori
1205 1743 1296 1801 est)
1334 1770 1344 1780 -

153 1810 257 1887 Περὶ
286 1813 366 1874 τῆς
387 1811 780 1889 Παραπρεσβείας

152 1895 300 1947 Κατᾱῖ
327 1896 650 1961 Κτησιφῶντος
781 1912 965 1965 (Textus
991 1911 1184 1953 Bekkeri
1208 1911 1293 1962 est)

148 1977 440 2032 Ἐπιστολαὶ
793 1995 978 2052 (Textus
999 1994 1181 2051 Taylori
1203 1997 1288 2045 est)
1333 2019 1343 2030 ·

1109 1844 1256 1851 ———

152 2159 323 2201 Reiskii
345 2159 666 2201 Annotationes
688 2159 734 2201 in
751 2160 1010 2202 AEschinem
1074 2193 1083 2201 .

152 2240 322 2282 Reiskii
345 2240 551 2282 Praefatio
572 2241 628 2282 ad
654 2241 831 2283 Scholia
850 2242 892 2283 in
916 2242 1172 2284 AEschinem
1207 2276 1216 2285 .

152 2321 333 2363 Scholia
354 2321 408 2363 ad
433 2320 689 2363 Orationem
711 2322 756 2364 in
778 2323 1057 2365 Timarchum

669 2429 696 2436 -
717 2405 770 2447 de
791 2406 902 2448 falsa
925 2406 1162 2463 Legatione
1209 2439 1219 2449 .

267 2512 377 2520 --

614 2512 699 2520 --
719 2488 765 2530 in
787 2488 1122 2546 Ctesiphontem
1208 2522 1218 2532 .

150 2569 321 2612 Reiskii
345 2569 551 2611 Praefatio
572 2570 627 2612 ad
644 2570 876 2613 variantes
900 2571 1131 2613 Lectiones
1146 2571 1408 2615 AEschineas

150 2651 380 2693 Variantes
405 2652 632 2694 Lectiones
653 2653 707 2695 ad
731 2652 988 2696 Orationem
1008 2654 1052 2696 in
1073 2654 1350 2697 Timarchum

151 2838 990 2849 -ῄ-ω--ῄ-
1004 2818 1047 2860 in
1066 2818 1403 2876 Ctesiphontem

439 2923 641 2931 ————-—
662 2901 716 2943 ad
739 2900 967 2958 Epistolas

156 2978 331 3023 Indices
353 2979 398 3023 in
416 2981 686 3026 AEschinem.

961 2760 990 2766 —
1007 2736 1060 2778 de
1083 2737 1195 2779 falsa
1213 2738 1452 2794 Legatione

1548 1096 1626 1136 pag.

1612 1171 1627 1196 1

1468 1259 1478 1269 .
1522 1229 1627 1271 xviii

1470 1338 1480 1348 ,
1538 1296 1628 1338 xliv

1613 1396 1627 1437 l

1575 1479 1623 1522 lii

1464 1586 1476 1598 ο
1566 1562 1628 1604 liv

1601 1746 1627 1787 8

1461 1854 1470 1863 ·
1568 1828 1622 1870 84

1466 1939 1476 1951 .
1545 1912 1628 1953 162

1467 2020 1476 2030 -
1541 1996 1626 2038 297

1470 2192 1479 2202 .
1541 2160 1627 2203 325

1471 2275 1478 2283 .
1542 2243 1623 2284 371

1472 2357 1480 2366 .
1542 2325 1627 2366 375

1472 2440 1481 2449 .
1542 2408 1628 2450 385

1471 2523 1479 2532 .
1541 2492 1623 2533 391

1473 2605 1480 2614 .
1542 2574 1625 2616 401

1471 2689 1480 2700 .
1541 2657 1626 2698 407

1542 2739 1628 2781 418

1471 2853 1480 2862 .
1543 2822 1628 2863 427

1473 2934 1482 2943 .
1543 2903 1630 2945 444
