1899 3322
433 179 520 223 AD
552 177 651 224 OR.
684 176 748 222 IN
781 176 1281 221 CTESIPHONTEM.

113 277 192 310 teor,
206 281 278 303 cum
293 271 506 313 indignatione
521 277 552 304 et
567 272 702 303 fremitu.

155 316 182 356 ᾗ·
199 315 270 348 wss'.
285 327 317 357 p.
331 319 371 348 27
375 318 404 348 5.
421 328 450 347 v.
464 321 607 356 antepen.
622 313 831 355 c’cwougc'rowro]

111 359 270 389 Henricus
286 360 460 400 Stephanus
477 361 516 390 de
539 369 595 390 suo
616 359 746 389 dederat
759 359 833 388 ἄπο-

110 401 275 441 ειρύπτοιτο.
297 414 364 441 quae
385 414 470 433 mera
490 406 539 433 est
557 404 625 442 ejus
639 402 831 442 depravatio,

109 447 202 484 cujus
213 455 251 475 ne
267 446 353 476 color
367 447 500 485 quidem,
522 446 635 476 nedum
656 445 770 476 idonea
783 455 831 475 ra-

109 488 155 517 tio
179 488 247 518 dari
267 489 377 528 possit.
404 491 503 519 Recte
524 493 687 519 servarunt
703 489 831 528 reliquae

108 530 160 560 ed.
174 531 342 562 lectionem
360 533 469 562 bonam
491 532 615 562 Aldinae
636 531 832 572 ἀποκρίνοιντο.

106 573 173 603 Sed
195 580 340 613 superest
356 575 502 606 vitiosum
522 574 557 605 τὸ
578 576 752 612 τελευταῖον,
775 586 832 615 pro

108 626 172 655 quo
191 618 265 656 quid
289 618 537 649 substituendum
559 619 610 656 sit,
624 619 748 650 tametsi
765 629 833 650 sen-

107 660 205 690 tentia
234 671 296 691 non
322 672 420 700 pauca
444 661 601 702 subjiciat,
625 672 727 701 neque
752 663 832 693 male

106 702 162 733 illa
175 705 385 744 congruentia,
404 705 495 737 facile
512 710 612 736 tamen
628 715 688 735 non
712 713 762 736 est
777 717 832 736 vo-

106 746 251 777 cabulum
266 748 416 787 reperire,
432 749 593 779 sententiae
609 748 693 779 idem
710 750 832 780 satisfa-

106 788 203 827 ciens,
233 794 265 820 et
293 791 453 822 literarum
489 792 632 832 vestigiis
667 793 833 823 inhaerens.

107 832 192 862 Num
208 834 432 866 ἁπλούστατον.
455 834 732 875 Simplicissz'mum?

150 885 183 914 p.
199 878 274 907 276.
286 888 316 908 v.
326 880 357 909 3.
367 877 495 919 ἐνέστην]
513 878 678 915 Intercessi‚
694 879 831 910 medium

105 928 156 948 me
174 919 361 960 interposui,
382 922 547 962 impedivi.
564 933 625 954 non
647 922 780 954 alienum
798 923 832 953 id

105 962 233 1001 quidem
247 974 266 993 a
278 966 441 995 sententia.
455 966 580 997 videtur
595 971 698 997 tamen
714 966 833 998 ἀνέστην

104 1007 221 1036 surrexi
235 1007 346 1038 melius
362 1010 539 1040 convenire.

149 1048 176 1088 ἑ.
193 1048 256 1088 πγ’.
274 1062 306 1091 p.
324 1054 399 1083 276.
421 1063 453 1083 v.
470 1056 501 1084 4.
519 1052 584 1095 καὶ]
615 1054 709 1093 Quod
732 1065 750 1085 e
772 1054 832 1084 fine

105 1093 253 1123 vocabuli
268 1094 414 1134 ἀπήνεγκα
425 1106 587 1136 perperam
599 1097 722 1128 videtur
739 1098 833 1128 itera-

105 1137 171 1165 tum
187 1146 270 1174 esse,
286 1139 375 1169 uncis
390 1138 514 1171 inclusi.
552 1141 616 1170 Pro
635 1141 781 1180 proximo
797 1142 834 1176 ὡς

105 1178 180 1208 dedi
195 1176 241 1210 οἷν.
285 1181 481 1213 Constructio
502 1184 571 1214 haec
590 1189 649 1214 est.
673 1185 831 1223 ἀπήνεγκα,

103 1222 288 1260 ἀγανακτεῖν,
304 1225 332 1255 νὴ
346 1226 412 1260 τοὺς
425 1224 501 1262 θεοὺς
516 1228 581 1260 τοὺς
594 1225 771 1266 ὅλυμωίους,
783 1226 832 1265 ἐπὶ

104 1264 211 1305 τούτῳ,
228 1264 243 1294 ὃ
256 1267 298 1296 νῦν
311 1266 418 1307 μέλλω
430 1269 532 1309 λέγειν,
542 1270 687 1310 μάλιστα
700 1270 832 1306 «πάντων,

102 1307 125 1338 ἃ
136 1308 326 1350 πυνθάνομαι
335 1310 424 1351 λέξειν
432 1312 478 1342 τὸν
489 1310 679 1352 Δημοσθένην,
689 1314 768 1343 omni
772 1323 821 1342 mn
824 1336 834 1350 ,

103 1362 168 1392 quae
183 1351 406 1384 Demosthenem
420 1355 574 1386 dicturum
587 1365 645 1385 esse
657 1356 761 1392 audio,
776 1357 833 1385 uni

105 1394 191 1433 huic,
205 1397 250 1426 ita
264 1407 309 1427 me
326 1398 370 1428 clii
384 1405 494 1435 ament,
514 1399 639 1429 maxime
653 1409 831 1436 succensens,

104 1440 183 1479 quod
198 1450 282 1470 nunc
294 1442 526 1472 commemorabo.

149 1481 226 1513 ibid.
243 1493 275 1513 v.
297 1485 327 1514 6.
341 1483 527 1527 ἀγανακτῶν]
551 1486 640 1516 Bene
656 1485 761 1522 habet,
778 1496 832 1516 co-

103 1526 223 1556 haerens
247 1536 317 1556 cum
333 1527 490 1567 ἀπήνεγκα.
514 1529 594 1559 male
615 1529 753 1568 positum
777 1540 831 1569 pa-

102 1570 284 1601 rentheseos
309 1570 432 1611 signum
456 1571 574 1604 criticis
595 1572 626 1604 h.
644 1572 667 1604 l.
695 1583 832 1605 errorem

102 1614 272 1653 objecerat.

146 1657 223 1687 ibid.
244 1668 274 1688 v.
291 1660 321 1689 9.
342 1658 403 1689 τῶν
423 1659 584 1702 εἰρημένων]
609 1659 705 1698 Quod
727 1664 777 1691 est
799 1660 832 1691 in

96 1700 242 1731 ⁴editione
266 1701 353 1738 Aldi,
376 1714 430 1734 cur
449 1705 653 1744 improbetur,
670 1714 772 1735 causae
787 1704 830 1734 nil

102 1743 209 1774 video.
225 1745 309 1775 idem
332 1752 392 1781 est,
417 1753 507 1787 atque
523 1747 627 1778 αὐτῶν.
643 1758 758 1778 earnm.
775 1758 830 1787 pa-

101 1797 170 1818 rum
184 1788 308 1819 triverit
328 1789 507 1830 Polybium,
532 1801 661 1822 necesse
686 1795 744 1827 est,
777 1791 830 1830 qui

104 1831 162 1864 hac
185 1834 354 1872 locutione,
371 1844 429 1865 ceu
448 1835 626 1874 peregrina,
646 1834 829 1866 offendatur.

102 1876 203 1908 Recte
232 1883 395 1909 servarunt
423 1871 518 1909 Wolf
543 1882 574 1907 et
601 1877 728 1916 Taylor,
751 1877 831 1908 male

103 1920 278 1960 Stephanus
307 1933 378 1952 cum
406 1921 462 1951 τῶν
491 1921 616 1962 Σειρήνων
645 1925 829 1950 mutaverat.

105 1964 300 2005 Quamquam
314 1965 430 2005 Taylor
444 1975 505 1995 non
521 1963 651 1994 consilio
669 1964 829 2003 sapientiae

103 2007 220 2044 litavit,
235 2009 289 2039 sed
305 2009 439 2044 fortuna,
453 2008 505 2038 <rel
521 2007 707 2038 necessitate
722 2007 830 2046 potius

104 2051 201 2081 moris
217 2051 266 2082 sui
282 2052 470 2082 Wolfianam
483 2051 521 2080 ad
533 2050 653 2081 literam
665 2051 828 2080 reddendi.

99 2095 187 2125 *Satis
198 2095 290 2131 enim,
300 2095 373 2134 quid
389 2100 514 2125 acturus
526 2094 637 2124 fuisset
649 2094 741 2131 liber,
756 2104 829 2133 pro-

104 2137 186 2167 didit
201 2139 231 2168 in
249 2138 445 2168 annotatione
460 2147 515 2168 sua
530 2138 569 2167 ad
585 2138 615 2167 h.
631 2138 653 2166 l.
668 2148 758 2176 quem
772 2138 829 2167 rni-

103 2191 191 2212 rarer
217 2182 325 2221 utique
351 2182 447 2212 verba
469 2181 535 2211 sine
558 2181 654 2210 dubio
685 2181 828 2219 genuina,

105 2225 266 2255 sententiae
288 2224 405 2265 optime
429 2224 657 2259 convenientia,
684 2224 828 2264 nullaque

104 2272 178 2298 nota
193 2278 314 2298 manum
338 2268 520 2298 Scholiastae
537 2267 713 2308 prodam-tia,
732 2268 828 2298 atroci

104 2312 196 2342 obelo
221 2311 462 2347 confodientem,
489 2311 550 2341 nisi
571 2322 694 2341 nossem
716 2311 829 2352 Taylo-

103 2365 184 2391 rum,
201 2366 412 2395 saepenumero
428 2355 459 2384 in
478 2366 550 2385 vere
567 2355 655 2385 duris
676 2358 767 2394 atque
782 2355 829 2385 in-

105 2399 349 2438 explicabilibus
358 2403 486 2434 mutum,
495 2399 528 2428 in
539 2398 720 2438 vulgaribus
729 2399 829 2428 diser-

106 2447 184 2478 tum,
208 2442 243 2473 in
268 2443 389 2473 vitiosis
418 2441 583 2472 cernendis
610 2443 767 2478 obtusum,
796 2443 829 2472 in

103 2485 304 2533 emendgndis
325 2482 432 2525 parum
452 2485 588 2522 felicem,
611 2485 644 2515 in
665 2485 752 2515 tricis
774 2495 828 2516 ne-

105 2529 224 2560 ctendis
239 2529 368 2559 mirifice
385 2529 543 2559 sollertem
558 2533 590 2558 et
604 2527 802 2569 ὑπερκρίτιιιον.

148 2571 226 2602 ibid.
249 2572 296 2613 δὴ]
320 2572 373 2603 Καὶ
388 2571 460 2603 οὕτω
480 2572 523 2603 δή.
545 2573 636 2603 Bern.
661 2571 746 2609 Quid
768 2572 827 2602 hoc

105 2614 166 2646 sibi
181 2615 270 2653 velit,
281 2626 390 2656 parum
404 2616 557 2655 intelligo.
580 2615 715 2646 Videtur
729 2615 828 2646 Scali-

106 2668 162 2698 ger
189 2657 261 2689 οῧτω
285 2669 443 2690 exarasse.
473 2660 588 2689 Verum
608 2659 652 2689 ita
675 2658 703 2689 si
727 2659 827 2696 dedit,

105 2711 166 2732 non
189 2712 247 2741 pro
272 2703 356 2732 varia
377 2702 512 2733 lectione
526 2702 560 2733 id
575 2701 675 2739 dedit,
691 2702 748 2732 sed
769 2713 827 2742 pro

107 2745 235 2782 scholio,
251 2745 492 2785 significaturus,
506 2745 556 2776 καὶ
574 2745 603 2777 δὴ
615 2745 665 2776 καὶ
680 2745 762 2776 idem
775 2756 827 2776 va-

105 2787 170 2818 lere
195 2792 287 2828 atque
317 2788 365 2819 καὶ
392 2787 464 2819 οὕτω
493 2788 631 2820 καὶ-ει
651 2790 722 2830 pari
745 2790 828 2820 modo

104 2831 244 2862 etiam—

148 2873 226 2904 ibid.
240 2885 272 2905 v.
287 2884 359 2914 pen.
379 2873 491 2916 αἰτίας]
524 2876 761 2915 Supervacanea
784 2880 828 2906 at-

108 2927 166 2957 que
180 2917 355 2957 importuna
368 2922 419 2949 est
431 2919 557 2958 Taylori
573 2930 666 2959 super
686 2929 756 2950 voc.
778 2921 831 2954 τῆς

105 2959 201 2994 αἰτίας
214 2961 377 3000 argutatio.
421 2962 488 3001 Ego
500 2962 644 3002 equidem
661 2963 692 2993 in
707 2964 765 2993 hoc
782 2963 830 2992 di-

108 3002 208 3034 ctione
223 3003 340 3046 αἶσχρόν
359 3003 424 3036 ἔστι
444 3004 490 3037 τόν
505 3005 670 3047 αἰτιώμενον
693 3006 741 3037 οὐκ
755 3004 831 3047 ’ἔχειν

1482 163 1592 217 363

869 269 1008 310 ἐπιδεῖξαι
1023 269 1056 300 τὸ
1071 269 1144 310 ἔργον
1157 272 1208 306 τῆς
1222 270 1319 306 αἰτίας
1334 269 1407 301 1111111
1427 269 1530 307 video,
1541 282 1595 303 ne-

868 324 928 353 que
942 314 1026 353 quod
1046 314 1210 350 redundet,
1228 325 1326 353 neque
1345 314 1428 354 quod
1451 314 1593 345 incondi-

867 362 930 387 tum
954 357 1128 387 alienumve
1150 357 1202 391 sit,
1229 359 1285 387 sed
1310 368 1383 388 sana
1404 362 1436 387 et
1459 359 1593 388 rotunda

868 400 980 430 omnia.
1004 400 1194 430 Movendum
1209 400 1236 429 si
1254 400 1328 439 quid
1346 402 1398 437 sit,
1409 399 1474 431 ἐστὶ
1486 401 1592 432 statim

867 454 950 484 pone
967 442 1085 485 αἶα-χρὸν
1099 443 1264 479 collocem,
1279 444 1323 473 nil
1339 444 1434 474 aliud.

911 487 938 527 §.
958 487 1016 517 πδ’.
1034 498 1066 527 p.
1082 489 1156 518 277.
1174 498 1203 517 v.
1220 489 1273 517 16.
1290 487 1338 517 οὔκ
1353 487 1408 528 ἄρα
1425 487 1496 529 εἷο-ἲ]
1520 488 1591 518 Non

867 530 1011 570 equidem
1020 530 1241 571 reprehendam
1250 530 1415 561 lectionem
1422 531 1592 571 vulgarem.

866 574 949 604 haud
965 575 1059 614 paulo
1081 580 1182 604 tamen
1206 574 1427 614 elegantiorem
1449 575 1592 614 morique

869 621 1021 647 oratorum
1034 617 1207 648 Atticorum
1223 617 1505 648 convenientiorem
1520 618 1592 647 red-

867 660 997 698 dideris,
1012 661 1040 691 si
1056 662 1101 692 sic
1113 662 1199 702 legas
1214 672 1221 691 ε
1243 662 1292 692 οὐκ
1306 658 1363 701 ἱῖρα
1374 660 1428 690 εἷο-ἲ
1445 658 1513 700 παρ’
1525 661 1594 700 ὑμῖν

867 703 972 734 sifi-hm
995 703 1074 743 βίους
1103 714 1209 746 ergone
1228 715 1353 735 censura
1374 713 1489 734 morum
1510 705 1593 742 apud

872 746 924 778 Vos
939 748 1026 779 ‘nulla
1040 749 1105 778 est?
1126 749 1296 789 respondet
1311 748 1340 778 οὗ
1361 747 1459 783 nulla,
1481 746 1505 776 εἰ
1527 747 1592 777 τοῦ·

867 801 965 823 τον-
976 793 1001 822 εἰ
1016 791 1097 822 hunc
1112 793 1261 831 impunem
1276 792 1445 822 dimittatis.

910 834 986 866 ibid.
1003 846 1035 865 v.
1047 846 1117 875 pen.
1130 834 1352 875 ἐπεισαγόντων]
1364 833 1456 865 Wolf
1466 838 1498 864 et
1508 834 1593 873 Tay-

867 877 915 908 lor
930 879 1083 909 dederunt
1097 878 1286 911 ἐπεισιόντων.
1312 878 1373 909 Sed
1399 877 1479 907 bene
1499 878 1593 907 habet

867 922 1004 961 vulgata.
1031 922 1100 953 sive
1124 923 1200 961 ἄγειν
1228 923 1262 953 in
1284 922 1342 952 hac
1366 920 1592 961 compositione

867 975 925 1005 pro
942 964 1009 996 ἰέναι
1025 966 1172 1006 accipias,
1187 977 1247 1005 quo
1263 975 1356 996 sensu
1366 964 1444 995 illud
1457 963 1594 1004 saepissi-

867 1019 917 1039 me
933 1015 1114 1049 usurpatum
1130 1010 1299 1049 reperitur,
1315 1009 1381 1039 sive
1397 1007 1522 1048 propria
1538 1007 1594 1037 illa

868 1058 900 1083 et
914 1053 1037 1092 vulgari
1049 1053 1175 1084 notione
1189 1053 1327 1089 ducendi,
1338 1051 1391 1083 ubi
1407 1052 1506 1092 δρᾶμα
1519 1061 1595 1091 pos·-

868 1096 908 1126 sit
925 1097 1096 1127 subaudiri.

911 1138 938 1178 ᾗ.
951 1139 999 1170 πέ.
1016 1151 1048 1180 p.
1060 1142 1134 1171 278.
1148 1151 1178 1171 v.
1192 1142 1243 1171 16.
1255 1141 1356 1180 κριτὰς
1369 1139 1435 1173 τοὺς
1450 1137 1482 1168 ἔκ
1498 1143 1591 1168 Διονυ-

867 1181 949 1223 σίων]
974 1183 1108 1213 Videtur
1128 1182 1160 1212 ἐκ
1174 1183 1206 1213 in
1227 1183 1284 1212 hac
1300 1182 1436 1212 dictione
1451 1181 1535 1211 idem
1552 1181 1593 1210 si-

869 1225 1014 1264 gnificare
1031 1232 1121 1265 atque
1135 1228 1218 1265 μετὸ.
1233 1231 1303 1264 post.
1309 1225 1429 1264 judices
1444 1225 1593 1265 negotium

867 1278 953 1298 suum
969 1278 984 1298 e
999 1269 1195 1306 Liberalibus,
1210 1269 1240 1298 h.
1257 1279 1285 1298 e.
1298 1272 1372 1307 post
1390 1273 1518 1306 peracta
1539 1267 1594 1297 Li·

870 1312 998 1348 beralia‚
1028 1318 1155 1354 agentes.
1202 1312 1304 1342 Latini
1333 1321 1456 1351 quoqne
1487 1321 1520 1341 ex
1549 1311 1593 1340 ita

867 1360 1026 1394 usurpant.

907 1407 939 1437 p.
956 1402 1029 1431 279.
1047 1410 1077 1429 v.
1097 1401 1127 1430 5.
1145 1397 1220 1440 ’πρὸς
1239 1397 1265 1429 ὃν
1286 1397 1453 1440 ἐχαρίζετο]
1488 1398 1528 1428 Id
1546 1401 1594 1427 est

865 1440 933 1480 πρές
945 1443 1054 1478 τοῦτον,
1069 1439 1091 1482 ᾧ
1106 1441 1267 1484 ἐχαρίζετο.
1281 1443 1361 1482 apud
1371 1451 1451 1477 eum,
1463 1442 1498 1471 in
1509 1450 1593 1481 quem

863 1485 991 1515 collatus
1005 1485 1122 1527 fuerit.
1144 1485 1295 1515 beneficio
1318 1490 1445 1515 ornatus
1470 1484 1594 1523 ignorat

864 1533 1023 1559 auctorem
1035 1529 1190 1560 beneficii.

907 1572 934 1612 ᾗ.
953 1572 1015 1608 σις’.
1031 1584 1062 1612 p.
1078 1575 1154 1604 279.
1170 1584 1201 1604 v.
1216 1575 1248 1603 8.
1264 1570 1513 1613 παρακινδυνεύειν]
1530 1571 1590 1601 Lo-

866 1625 921 1645 cus
933 1616 983 1646 hic
997 1617 1035 1646 ad
1048 1618 1125 1646 bene
1138 1617 1331 1646 reddendum
1343 1616 1436 1655 paulo
1450 1620 1498 1645 est
1510 1614 1591 1644 diffi-

865 1658 966 1689 cilior.
990 1660 1150 1691 Sententia
1162 1660 1287 1690 videtur
1303 1660 1369 1689 haec
1383 1669 1452 1688 esse
1469 1670 1475 1687 :
1499 1657 1590 1687 nobis

866 1704 1001 1740 eveniet,
1028 1704 1247 1738 Athenienses,
1271 1708 1315 1739 ut,
1339 1712 1399 1741 qua
1416 1712 1496 1731 nunc
1517 1712 1590 1740 gau-

865 1746 975 1776 demus
991 1748 1114 1777 sortuna
1129 1747 1208 1786 reip.
1234 1756 1384 1787 prospera
1406 1745 1534 1775 eandem
1558 1744 1591 1774 in

864 1790 1038 1828 periculum
1049 1791 1166 1826 demus,
1177 1790 1351 1820 cautionem
1365 1793 1396 1819 et
1405 1787 1591 1828 sapientiam

864 1832 992 1873 insuper
1006 1834 1168 1863 habentes.

906 1877 984 1906 ibid.
1009 1887 1038 1907 v.
1063 1880 1115 1906 10.
1139 1875 1281 1917 προΐεσθε]
1319 1877 1391 1906 Hoc
1419 1880 1478 1911 est,
1506 1875 1588 1914 quod

863 1921 959 1959 paulo
977 1925 1045 1950 aute
1061 1920 1185 1950 dixerat
1200 1919 1234 1949 τὸ
1249 1918 1492 1959 παρακινδυνεύειν.

905 1963 980 1993 ibid.
997 1975 1028 1994 v.
1047 1967 1098 1994 11.
1112 1964 1140 1993 οὗ
1155 1961 1319 2003 γεγένηται]
1345 1963 1417 1992 Hoc
1435 1966 1483 1992 est
1497 1962 1590 1991 modo

862 2007 979 2037 dictum
995 2006 1153 2047 κατορθοῦν.

906 2050 986 2080 ibid.
1007 2061 1037 2080 v.
1055 2056 1197 2090 antepen.
1214 2049 1395 2090 κατέλυε-αν]
1422 2050 1510 2079 Bene
1535 2049 1588 2078 ha-

863 2094 936 2123 bere
952 2094 1141 2124 demonstrat
1154 2094 1292 2123 additum
1308 2092 1404 2134 ραδίως
1420 2091 1503 2122 οὔτω.
1517 2103 1588 2130 per-

864 2147 951 2175 quam
975 2137 1066 2167 facile
1084 2138 1164 2167 factu
1186 2144 1244 2172 cst,
1261 2137 1392 2175 ideoque
1415 2136 1457 2165 nil
1475 2135 1587 2164 miran-

863 2180 948 2216 dum,
980 2180 1007 2210 si
1035 2182 1104 2219 quis
1131 2181 1224 2210 alium
1248 2180 1422 2219 quempiam
1446 2178 1587 2208 deliniat.

864 2225 917 2254 sed
935 2224 1061 2254 difficile
1081 2229 1140 2261 est,
1160 2224 1292 2263 ideoque
1309 2223 1508 2262 stupendum,
1524 2227 1589 2251 tan-

864 2272 926 2297 tam
943 2268 1103 2298 civitatem
1120 2279 1138 2298 a
1149 2268 1258 2308 paucis
1273 2266 1413 2297 enervari
1428 2270 1458 2295 et
1476 2264 1588 2300 everti,

862 2311 957 2350 idque
986 2317 1049 2341 tam
1068 2312 1131 2341 levi
1154 2321 1260 2351 opera.
1293 2310 1398 2351 Hujus
1422 2314 1522 2339 autem
1543 2309 1588 2338 rei

863 2365 958 2385 causa
971 2356 1030 2385 fuit
1045 2355 1123 2391 haec,
1147 2356 1229 2395 quod
1247 2354 1392 2395 populus,
1418 2352 1589 2382 adulatori-

864 2399 922 2428 bus
939 2399 1103 2434 obnoxius,
1122 2400 1162 2429 ab
1179 2399 1228 2428 his
1243 2409 1275 2428 se
1291 2397 1396 2436 decipi
1416 2401 1586 2436 pateretur.

863 2443 1038 2472 κατακηλεῖν
1052 2443 1131 2472 bene
1148 2444 1292 2473 Graeoum
1309 2451 1392 2475 esse,
1408 2450 1498 2469 nemo
1512 2439 1587 2468 saci-

862 2485 893 2515 le
908 2486 1040 2522 dubitet,
1056 2496 1156 2525 neque
1173 2496 1251 2525 opus
1263 2490 1329 2514 erat
1340 2483 1586 2513 auctoritatibus.

863 2533 895 2558 at
916 2529 976 2559 hoc
997 2529 1029 2559 in
1051 2529 1266 2559 controversia
1285 2532 1363 2562 erat,
1378 2526 1510 2556 fueritne
1528 2526 1587 2556 AE-

862 2571 985 2603 schines
1001 2583 1038 2603 eo
1052 2573 1104 2602 hic
1120 2583 1206 2602 usus.
1222 2572 1253 2601 id
1270 2571 1352 2610 quod
1369 2580 1460 2609 nego.

905 2616 932 2656 ᾗ.
940 2614 1009 2656 ωζ.
1018 2627 1047 2656 p.
1056 2618 1131 2647 280.
1146 2626 1177 2645 v.
1188 2615 1241 2645 15.
1250 2615 1300 2644 ’τοῦ
1309 2615 1363 2653 γὰρ
1373 2610 1586 2653 {fiemus-Ginai]

863 2659 1009 2689 Breviter
1020 2659 1149 2695 dictum,
1166 2659 1221 2688 sed
1237 2658 1290 2694 ita,
1301 2663 1336 2687 ut
1347 2656 1489 2695 equidem
1505 2656 1586 2685 haud

861 2701 1058 2742 laudem‚pro
1067 2703 1119 2732 τοῦ
1126 2704 1181 2742 γὰρ
1193 2699 1304 2732 ἐπαίνου
1313 2700 1362 2730 τοῦ
1371 2698 1428 2729 ἀπὸ
1437 2700 1486 2728 τοῦ
1495 2697 1586 2738 ἐξεργ.

864 2747 971 2780 aum-fic
981 2748 1036 2787 γὰρ
1045 2744 1121 2784 δόξης
1127 2747 1178 2779 τῆς
1185 2743 1243 2774 ἀπὸ
1254 2745 1304 2773 τοῦ
1317 2742 1405 2782 ἐξεργ.
1416 2743 1511 2772 multo
1522 2752 1586 2771 ma-

854 2790 908 2829 jor
921 2795 961 2819 est
977 2790 1143 2830 ignominia
1156 2805 1195 2811 —
1208 2798 1296 2827 quam
1312 2786 1377 2816 Inus
1392 2786 1513 2815 condita
1531 2786 1585 2815 ista

862 2838 891 2862 et
909 2832 1041 2873 perfecta
1056 2841 1120 2862 esse.
1141 2835 1205 2867 aut,
1221 2831 1248 2860 si
1263 2839 1373 2869 magna
1391 2829 1500 2868 gloria,
1524 2828 1584 2857 ista

863 2875 1051 2910 condidisse,
1071 2875 1168 2904 multo
1190 2875 1288 2912 majus
1313 2878 1359 2903 est
1379 2873 1536 2910 probrum,
1554 2872 1584 2901 iu

864 2929 958 2949 causa
972 2918 1077 2955 fuisse,
1093 2924 1127 2948 ut
1142 2918 1203 2947 ista
1216 2917 1430 2946 conderentur.

907 2961 982 2991 ibid.
1001 2971 1030 2991 v.
1047 2971 1118 3001 pen.
1132 2959 1270 3000 τάφρους]
1296 2961 1372 2991 Post
1391 2961 1444 2993 τὰς
1464 2959 1585 2998 τάφρους

865 3005 989 3036 videtur
1004 3003 1206 3045 ταφρεύσαντα
1225 3004 1344 3035 deesse.
1368 3014 1396 3034 v.
1414 3012 1506 3034 versu
1534 3004 1581 3031 14.
