1899 3322
724 161 1085 204 AESCHINEAE.
1581 162 1635 204 85

216 264 283 296 εἶναι
298 265 406 307 τρέφειν
421 266 466 297 τόν
481 266 604 308 πατέρα.
619 270 651 304 3,
664 271 694 298 1.
723 269 766 305 μὴ
781 266 888 308 τρέφων

217 309 342 351 πατέρα,
357 310 371 341 ἢ
385 311 509 350 μητερα.
525 315 556 345 4,
572 313 626 341 22.
658 312 694 345 ὡς
714 311 784 350 ὁμοῦ
804 310 889 350 ἐτρά-

921 265 1022 305 τροφῆ]
1047 264 1194 304 ἐπικουρεῖν
1209 277 1243 295 τη
1261 264 1401 305 ἀναγκαίᾳ
1416 265 1515 317 τροφῇ.
1534 267 1566 301 4,
1582 267 1636 296 38.

921 308 1044 350 τρυπᾷἶν]
1062 308 1115 336 τᾱῖν
1133 307 1258 347 ψήφων
1249 321 1262 338 η
1275 308 1499 348 τετρυπημένη
1489 308 1544 347 ἴτω
1566 308 1643 337 δοκεῖ’

217 353 306 391 φεμέν
329 364 380 394 περ
400 353 426 383 ἐν
444 353 604 394 ὑμετέροισι
627 353 747 393 δόμοισι.
765 356 817 387 21,
837 355 886 382 12.

218 394 346 430 ἐνδυκέως
373 396 490 436 τρέφειν.
519 401 571 430 21,
601 399 653 426 28.
690 396 888 433 παιδαγωγοὺς

217 439 336 477 τρέφειν,
362 438 376 469 ἦ
403 439 597 479 παιδοτρίΒας.
625 441 677 473 26,
704 441 755 468 32.
793 438 889 477 ἀργίαν

219 481 302 521 εἰρήνη
318 482 347 512 οὗ
359 483 465 522 τρέφει.
482 486 534 517 49,
550 484 602 512 39.
627 482 638 510 ὅ
662 482 747 520 δῆμος
769 483 834 515 τοὶς
849 492 888 510 νε-

218 523 343 559 ανίσκους
379 527 485 567 μέχρις
521 524 588 558 ἥβης
613 523 722 566 ἔτρεφε.
752 527 806 560 75,
835 527 888 555 32.

220 568 314 597 πειθὼ
329 568 446 608 τρέφειν.
464 571 516 600 90,
533 570 584 598 13.

175 610 340 650 τριάκοντα]
364 613 464 651 ἄκυρα,
476 612 570 649 ὥσπερ
580 613 620 641 τιὶ
636 609 683 640 ἐπὶ
699 610 755 639 τῶν
764 611 887 649 τριάκον-

219 664 271 688 τα,
288 653 301 684 ἢ
319 656 358 683 τὲ
376 654 426 694 πρὸ
442 653 597 684 Εὐκλείδου.
614 656 646 690 6,
670 656 721 684 12.
752 655 813 687 τοῖς
833 665 887 693 τρι-

219 697 323 726 άκοντα
347 699 398 730 τῖς
427 696 618 736 δημοκρατίας
642 695 807 736 ἀφεμένους.
834 699 888 732 38,

219 741 271 768 14.
294 741 332 773 εἷς
354 741 418 773 τοὺς
444 739 559 774 ἀσεβεῖς
579 741 729 780 τριάκοντα
754 738 888 769 ἐνεπέσα-

216 793 280 821 μεν.
295 785 348 817 51,
365 785 417 813 38.
439 782 496 812 ὅσοι
511 795 540 813 τι
553 782 751 825 διαχειρίζουσι
767 783 824 812 τῶν
838 785 889 817 τῆς

219 825 328 861 πόλεως
354 825 423 866 ὑπὲρ
449 827 602 866 τριάκοντα
634 826 749 866 ἡμέρας.
777 827 830 861 58,
857 828 887 857 3.

217 869 364 899 ἀπεδίδοτο
377 870 527 909 τριάκοντα
541 870 618 909 μνῶν
631 871 680 900 την
696 867 767 909 ῧζριν
781 870 828 898 καὶ
840 871 888 900 τῆν

217 913 268 941 τοῦ
284 912 373 951 δήμου
386 911 642 953 καταχειροτονίαν,
658 913 811 942 vendidit.
834 915 888 948 61,

217 957 250 986 6.
272 954 452 996 κατέπεμψε
472 957 624 997 τριάκοντα
638 955 774 986 τάλαντα
784 955 828 995 τῷ
842 955 888 986 δή·

216 1010 276 1037 μοι.
293 1001 346 1034 88,
359 1002 391 1030 3.

173 1041 340 1084 τριακόσιοι]
362 1041 483 1082 τοξότας
495 1040 666 1084 τριακοσίους
682 1041 797 1076 Σκύθας
810 1041 888 1082 ἐπρι-

218 1084 334 1124 άμεθα.
348 1088 402 1122 51,
419 1088 469 1117 19.

174 1126 278 1168 τρίβειν
290 1131 338 1159 τὴν
353 1131 488 1168 κεφαλὴν,
504 1129 545 1160 de
562 1130 696 1160 dicturo.
712 1131 766 1164 34,
781 1132 833 1160 26.

173 1171 352 1213 τριήραρχος]
375 1173 546 1213 λογογράφος
560 1173 592 1203 ἐκ
603 1173 770 1214 τριηράρχου
785 1172 888 1211 ἀνεφά-

217 1225 256 1245 νη.
271 1218 326 1253 78,
341 1217 393 1246 26.
408 1216 603 1257 ὑφαιρεῖσθαι
626 1218 816 1258 τριηράρχους·
833 1216 887 1251 85,

173 1300 294 1341 τριήρης]
312 1300 440 1342 πλόϊμος
452 1301 557 1342 τριήρης
571 1301 619 1332 καὶ
635 1300 755 1337 ἐντελής.
769 1303 822 1337 51,
834 1304 886 1333 32.

217 1344 333 1385 τριήρεις
346 1345 571 1384 ναυπηγεῖσθαι.
587 1348 640 1379 58,
655 1348 707 1375 10.

176 1385 315 1426 τρίμηνος.
329 1387 379 1428 (ἦ)
395 1388 461 1418 scil.
477 1386 657 1428 προθεσμία.
674 1390 727 1423 63,
742 1390 796 1419 34.

174 1429 280 1471 τρίτον]
305 1429 398 1470 τρίτον
412 1430 521 1470 ἐφεξῆς,
536 1433 625 1462 tertio
646 1431 713 1461 loco
737 1431 887 1472 protinus.

221 1476 251 1509 ¹2,
270 1478 299 1504 1.
317 1476 348 1504 7.

174 1514 282 1557 τρίτος]
308 1517 434 1559 συνεχοῗὶς
448 1516 510 1552 ἔτος
525 1516 572 1548 ἤδη
592 1517 672 1546 τουτὶ
693 1516 785 1556 τρίτον
800 1528 889 1557 στρα-

218 1561 324 1599 τηγοὶἶν.
348 1564 401 1597 48,
426 1563 456 1591 6.
486 1560 520 1590 τὸ
545 1559 635 1601 τρίτον
661 1559 727 1601 ὕδωρ
754 1559 889 1600 ἐγχεῖται

219 1603 258 1644 ’νῇ
271 1604 391 1644 τιμήσει
406 1604 454 1633 καὶ
469 1604 513 1643 τῷ
526 1603 648 1644 μεγέθει
664 1605 715 1636 τῆς
730 1603 816 1644 ὄργῑς.
835 1605 888 1638 82,

218 1649 270 1676 16.

175 1690 308 1731 τριττυς]
332 1702 376 1725 ους
389 1690 418 1720 αῖ
433 1686 523 1730 φυλαί
539 1690 588 1720 και
603 1704 630 1720 αι
649 1689 780 1732 τριττύες
801 1701 850 1719 και
867 1689 888 1718 οἶ

219 1732 300 1772 δημοι
324 1733 356 1772 ἐξ
380 1734 487 1764 ἑαυτων
511 1734 660 1773 αἱροῖνται.
683 1736 737 1767 58.
757 1735 787 1761 7-
816 1743 889 1773 ergo

217 1778 336 1816 τριττὺς
361 1782 408 1807 est
429 1777 547 1817 aliquid
570 1777 785 1807 intermedium
810 1776 890 1806 inter

218 1821 307 1858 φυλῗιν
319 1825 352 1850 et
367 1821 462 1859 δῆμον,
480 1820 580 1850 minus
595 1821 659 1854 illa,
675 1820 772 1860 majus
785 1820 855 1850 hoc.

175 1860 288 1903 τρίχες]
317 1862 408 1893 ἕλκειν
432 1863 490 1892 τᾶίν
513 1864 630 1904 τριχῶν.
655 1866 709 1899 49,
733 1865 784 1893 19.
815 1861 887 1892 ἐτετι-

217 1905 422 1945 λαμβάνεσθαι
437 1906 493 1936 τῶν
507 1907 624 1947 τριχῶν,
638 1906 772 1946 aliquem
795 1916 813 1936 e
836 1915 887 1936 co-

220 1949 278 1979 mis
294 1950 412 1980 trahere
424 1950 545 1979 obtorto
560 1950 648 1980 collo.
666 1951 720 1985 75,
737 1952 767 1980 2.

173 1990 319 2033 τρόπαιον]
341 1994 384 2032 μῆ
401 1992 530 2033 τρόπαιον
544 1993 650 2023 ἳο-τὶὶτε
668 1992 719 2031 ἀφ’
735 1991 815 2031 ὑμῶν
834 1992 885 2022 αὖ-

218 2036 276 2064 τᾱὶν
291 2035 316 2065 ἐν
337 2036 376 2076 τῇ
397 2035 527 2066 Διονύσου
546 2034 703 2076 όρχήστρα,
718 2035 815 2065 nolite
831 2035 887 2065 ali-

218 2079 293 2118 quid
319 2079 350 2108 in
375 2088 479 2114 scena,
506 2089 562 2119 per
590 2078 756 2114 Liberalia,
782 2088 886 2118 agere,

217 2123 304 2162 quod
328 2127 528 2152 monumento
551 2123 591 2152 ad
614 2127 756 2163 posteros
777 2127 886 2152 vestrae

218 2165 258 2194 sit
274 2165 416 2206 ignaviae,
431 2175 545 2206 eosque
562 2165 684 2201 doceat,
698 2175 752 2196 vos
773 2165 810 2195 ab
830 2165 886 2194 irn-

219 2213 307 2247 puro',
321 2208 438 2239 imbelli
453 2208 578 2239 homine
596 2210 705 2244 victos,
724 2208 816 2248 eique
832 2209 886 2238 ob-

216 2251 325 2282 noxios
341 2252 384 2282 ita
399 2253 506 2288 fuisse,
522 2257 557 2282 ut
577 2252 619 2282 nil
636 2252 664 2283 ei
685 2252 817 2293 possetis
839 2262 887 2282 ro-

219 2295 305 2335 ganti
320 2305 443 2336 negare.
462 2298 516 2330 75,
532 2297 586 2325 40.

174 2337 279 2377 τροπὴ]
303 2341 412 2379 τροπὰς
425 2338 600 2379 τραπόμενος
614 2336 727 2373 πλείους
749 2338 799 2367 τοῦ
819 2336 887 2378 εὗρί-

220 2391 284 2411 mv.
302 2384 355 2417 66,
368 2385 422 2412 27.

174 2422 290 2465 τρόπος]
315 2425 477 2455 διοικοῦνται
493 2425 522 2454 αἱ
539 2425 684 2455 πολιτεῖαι
700 2425 761 2458 τοῖς
776 2423 887 2464 τρόποις

216 2467 274 2496 τῶν
295 2466 502 2507 ἐφεστηκότων.
526 2471 556 2503 1,
573 2471 624 2498 20.
647 2466 743 2506 τρόποι
764 2470 815 2501 τῆς
835 2467 886 2498 πό-

217 2516 287 2543 λεως
302 2513 390 2552 (nam
414 2521 472 2552 pro
493 2511 515 2540 οῖ
537 2511 614 2550 νόμοι
635 2511 697 2550 περὶ
717 2510 886 2551 legendum

217 2558 266 2583 est
280 2554 303 2583 οῖ
323 2553 444 2595 τρόποι).
471 2557 502 2589 2,
526 2557 578 2584 10.
607 2554 801 2594 ἀντεξετάζειν
822 2556 887 2587 τοὺς

216 2595 334 2636 τρόπους
346 2597 428 2633 τινός.
448 2600 479 2633 6,
498 2600 527 2628 2.
551 2596 683 2637 ἀκοσμία
702 2599 753 2627 τοῦ
774 2597 886 2637 τρόπου.

218 2641 272 2674 27,
284 2642 315 2670 3.
338 2640 471 2681 τερατεία
485 2641 536 2671 τοῦ
551 2640 666 2680 τρόπου.
682 2643 736 2676 48,
752 2643 805 2672 37.
826 2641 886 2670 δια-

216 2683 370 2723 μαρτάνειν
382 2685 520 2715 πλεῖστον
530 2686 580 2714 τοῦ
590 2683 701 2725 τρόπου.
717 2687 770 2720 49,
781 2686 812 2714 5.
829 2683 887 2722 ἐξε-

216 2726 299 2767 τάζω
318 2726 366 2756 τὸν
386 2727 496 2767 τρόπον,
515 2738 617 2758 mores
632 2733 751 2769 specto.
767 2730 821 2763 64,
833 2731 887 2758 41.

217 2771 440 2808 μεταλλάττειν
461 2770 508 2800 τὸν
529 2770 624 2806 τόπον,
650 2772 679 2802 οὗ
701 2770 749 2802 τδν
771 2770 887 2812 τρόπον.

219 2813 273 2849 65,
291 2816 321 2843 1.
341 2812 467 2854 χρῆσθαι
487 2814 530 2852 τῷ
550 2813 651 2845 ἑαυτοῦ
672 2814 786 2855 τρόπω,
801 2816 888 2855 sequi

218 2865 305 2886 suam
320 2863 471 2887 naturam.
482 2859 537 2893 77,
549 2859 580 2887 6.
596 2858 720 2893 πλοῦτος
733 2857 816 2892 οὐδεὶς
826 2857 888 2897 τρό-

218 2909 273 2929 που
288 2901 397 2939 πονηροῦ
412 2899 591 2940 περιεγένετο.
603 2903 659 2937 78,
670 2904 723 2932 30.
741 2900 889 2938 ἐπανάγειν

218 2941 303 2972 αὐτὸν
317 2942 446 2973 κελεύετε
465 2943 513 2972 καὶ
533 2941 580 2972 τὸν
593 2944 672 2982 λόγον
687 2944 724 2979 είς
747 2942 800 2973 ῥίον
812 2943 887 2983 ἀξιό-

217 2995 304 3029 χρεων
319 2985 368 3016 καὶ
380 2986 477 3027 τρόπον
491 2986 628 3026 σώφρονα.
645 2990 699 3022 89,
716 2989 767 3017 18.

964 349 1179 391 (πεπορνεῦσθαι
1195 350 1384 391 Τίμαρχος)
1375 364 1389 381 η
1405 351 1432 381 δὲ
1449 352 1564 391 πλήρης,
1580 350 1635 390 ὅτῳ

964 394 1017 443 5¹³3„
1035 397 1086 429 11,
1102 396 1155 424 34-

922 436 1040 476 τρυφξίν,
1055 437 1182 466 delicias
1198 436 1308 466 facere.
1326 437 1379 473 56,
1396 439 1437 467 33

922 481 1073 520 τυγχάνειν
1092 479 1162 512 τινὸς
1171 481 1226 507 τῶν
1245 478 1362 514 δικαίων,
1377 486 1496 520 partem
1511 479 1631 509 satisfa-

965 523 1079 552 ctionis
1106 522 1163 552 sibi
1186 523 1299 551 debitae
1321 524 1466 553 nancisci.
1485 526 1516 556 9,
1534 526 1584 553 22.
1610 522 1634 552 οἳ

965 565 1082 595 τάληθῆ
1097 565 1224 603 λέγοντες
1238 565 1266 593 οὐ
1281 566 1420 595 κωλύουσι
1437 566 1519 604 λόγου
1534 568 1637 606 τυχεῖν

967 607 1012 636 τόν
1027 608 1174 648 φεύγοντα.
1194 611 1246 643 28,
1268 609 1298 637 8.
1323 606 1368 646 ἐφ’
1381 606 1417 641 οἷς
1434 610 1560 646 γέλωτες
1580 609 1635 649 οὐχ

966 652 988 680 οῖ
1004 651 1141 691 τυχόντες
1157 650 1203 680 ἐπὶ
1220 650 1328 684 τούτοις
1342 650 1470 689 ἐγένοντο.
1490 655 1544 687 42,
1560 662 1633 692 peu.

965 694 1104 733 σωτηρίας
1125 694 1173 724 καὶ
1198 693 1292 733 ψήφου
1315 696 1425 736 τυχεῖν.
1439 700 1562 724 rectene
1578 696 1633 724 ha-

966 737 1041 767 bet?
1065 739 1118 772 43,
1133 740 1186 768 28.

922 779 1042 810 τύπτειν
1064 780 1110 810 τᾶν
1133 779 1259 820 πατέρα,
1281 779 1295 810 ἢ
1316 781 1365 811 την
1383 777 1506 820 μητέρα.
1532 782 1562 815 4,
1581 784 1634 811 42.

966 822 1089 864 δημοσία
1111 824 1243 863 μάστιγι
1268 821 1433 853 τύπτεσθαι
1461 823 1635 854 πεντήκοντα

966 869 1092 906 πληγάς.
1113 870 1164 902 19,
1178 870 1231 898 30.

922 911 1055 950 τυραννὶς,
1071 909 1226 952 ὀλιγαρχία
1248 916 1281 941 et
1301 908 1476 951 δημοκρατία
1499 909 1580 941 inter
1601 921 1638 941 se

967 955 1291 990 conferuntur-1,19.
1308 964 1355 994 sq·
1379 953 1551 993 τυραννίδα
1542 965 1635 990 εαυτῳ

966 995 1101 1038 εξαίρετον
1127 997 1360 1038 περιποιούμενος.
1388 999 1442 1032 66,
1465 999 1518 1027 22.
1549 1007 1637 1026 συνα-

965 1043 1101 1079 γωνιστῆν
1115 1040 1263 1081 τυραννίδος
1278 1037 1433 1077 λήψεσθαι.
1449 1041 1502 1073 66,
1517 1042 1569 1070 23.

922 1083 1061 1126 τύραννος]
1087 1082 1225 1119 ἀπιστία,
1241 1095 1288 1114 και
1306 1084 1319 1113 ἦ
1336 1082 1410 1122 μεθ’
1425 1081 1518 1113 ὅπλων
1534 1084 1635 1123 φρουρα

965 1127 1051 1166 σώζει
1064 1140 1105 1158 τα
1120 1130 1174 1157 τᾶν
1188 1128 1319 1168 τυράννων
1331 1126 1378 1155 καὶ
1394 1128 1449 1155 τῶν
1469 1125 1638 1167 ὀλιγαρχιῶν

965 1171 1099 1210 σώματα
1111 1182 1158 1201 και
1173 1169 1328 1201 πολιτείαν.
1342 1174 1372 1205 1,
1381 1172 1433 1200 22.
1448 1170 1638 1217 δημοκήρυκες

967 1214 1121 1251 Φαλαίκου,
1141 1226 1190 1244 του
1216 1212 1330 1244 Φωκέων
1347 1209 1485 1252 τυράννου.
1511 1214 1564 1248 45,
1583 1215 1636 1243 20.

966 1256 1086 1303 τύραννοι
1101 1259 1133 1287 in
1149 1257 1252 1287 Ponto
1264 1257 1392 1298 quinam
1408 1255 1497 1286 sunt‘?
1512 1257 1566 1293 78,
1584 1258 1637 1286 17.

921 1299 1050 1337 τυτθὸς,
1053 1302 1311 1341 parvus-21,13.

920 1343 1014 1385 τύχη]
1039 1346 1179 1384 περιελὼν
1200 1343 1286 1373 αὐτου
1308 1343 1358 1374 τῆν
1380 1341 1472 1383 τύχην
1488 1339 1572 1382 ἑτέρῳ
1585 1351 1637 1372 πε-

963 1385 1062 1426 ριθείη.
1079 1390 1132 1422 34,
1149 1389 1202 1417 39.
1224 1385 1338 1439 τουμὲν
1349 1384 1523 1437 ὑμαςμηδέν
1536 1385 1642 1416 ἀδικειν

965 1430 1052 1470 κύριος
1072 1442 1112 1465 ην,
1129 1442 1179 1459 του
1201 1428 1228 1458 δε
1250 1441 1292 1468 μη
1308 1428 1383 1469 ἐ’χειν
1399 1425 1505 1463 αἰτίαν,
1518 1430 1531 1459 ἦ
1547 1428 1638 1469 τύχη.

965 1474 1019 1509 52,
1035 1476 1088 1504 34.
1111 1486 1125 1503 η
1142 1472 1220 1513 τύχη
1235 1470 1424 1512 συνεκλήρωσε
1439 1483 1479 1511 με
1502 1471 1640 1512 ἀνθρωπῳ

965 1518 1137 1557 συκοφάντη.
1161 1516 1236 1546 ibid.
1269 1513 1430 1552 σκέψασθε
1453 1526 1500 1544 τον
1522 1515 1640 1555 δαίμονα

965 1571 1014 1589 και
1045 1562 1094 1590 τὴν
1117 1558 1220 1600 τύχην,
1249 1559 1285 1592 ὡς
1314 1556 1485 1598 περιεγένετο
1512 1570 1562 1592 της
1584 1570 1642 1588 των

965 1601 1153 1642 Ἀμφισσεων
1168 1602 1313 1635 ασεΒείας.
1327 1604 1380 1636 69,
1397 1604 1449 1632 38.
1482 1599 1596 1640 αφίησιν
1609 1602 1639 1642 (ὃ

967 1646 1053 1684 δημος
1075 1659 1140 1680 τους
1162 1644 1331 1681 νεανίσκους)
1353 1643 1543 1685 τρεπεσὲαι’
1533 1645 1580 1673 επὶ
1596 1647 1639 1674 τοὶ

967 1687 1074 1718 ἑαυτῶν
1095 1687 1188 1729 ἀγαθῇ
1208 1688 1295 1729 τύχῃ.
1309 1688 1425 1723 75,33.
1450 1699 1497 1716 τον
1519 1686 1638 1727 δαίμονα

967 1732 1014 1761 καὶ
1039 1734 1088 1761 τὴν
1109 1731 1202 1772 τύχην
1221 1732 1271 1761 τήν
1293 1730 1639 1770 συμπαρακολουθοῦσαν

965 1775 1007 1814 τῷ
1022 1773 1160 1815 ἀνθρώπῳ
1175 1772 1375 1814 φυλάξασθαι.
1391 1776 1446 1811 76,
1463 1775 1482 1803 7

1259 1911 1295 1939 Υ.

919 1994 1011 2035 ὕβρις]
1034 1994 1138 2035 ὕβρεως
1152 1994 1244 2034 νόμος.
1258 1996 1290 2028 3,
1308 1995 1338 2023 9.
1363 1996 1456 2033 γραφῆ
1472 1991 1584 2035 ὕβρεως.
1603 1997 1636 2031 3,

966 2042 1015 2068 12.
1041 2037 1087 2077 ἐφ’
1101 2037 1185 2078 ὕβρει,
1209 2048 1271 2078 quo
1292 2036 1506 2067 dedecoretur.
1529 2039 1637 2079 πιπρά-

963 2092 1040 2111 σκειν
1062 2080 1096 2110 τὸ
1120 2081 1212 2119 σῶμα
1240 2079 1285 2119 ἐφ’
1306 2079 1390 2118 ὕβρει.
1405 2081 1437 2116 5,
1453 2083 1483 2111 5.
1508 2081 1640 2121 ὑπερορᾲἷν

964 2123 1038 2165 ἕβριν
1057 2124 1094 2159 είς
1116 2124 1149 2154 τὸ
1171 2124 1271 2153 ἑαυτοῦ
1296 2123 1399 2161 σῶμα.
1417 2126 1468 2159 16,
1485 2126 1536 2155 25.
1561 2123 1636 2153 ἐπω-

964 2167 1061 2200 βελίαν
1075 2167 1243 2208 προσόφλειν
1257 2168 1305 2197 καὶ
1320 2167 1410 2196 ἄλλην
1425 2165 1508 2207 ὕβριν.
1519 2169 1571 2202 23,
1583 2169 1637 2198 25.

965 2210 1039 2251 ὕβριν
1060 2213 1109 2240 τοῦ
1134 2212 1274 2248 σώματος
1293 2211 1455 2249 πεπρακὼς,
1477 2210 1525 2250 (id
1541 2216 1589 2240 est
1602 2210 1636 2240 τδ

964 2255 1057 2293 σῶμα
1078 2254 1143 2294 πρὸς
1163 2252 1251 2295 ὕβριν)
1266 2254 1319 2294 qui
1335 2263 1444 2293 corpus
1460 2254 1527 2292 ipse
1548 2263 1637 2284 suum

964 2297 1119 2333 vendidit,
1146 2307 1208 2337 quo
1235 2296 1265 2327 ei
1295 2297 1484 2326 illuderetur.
1512 2299 1564 2330 26,
1581 2301 1633 2327 41.

965 2343 1099 2381 περιελεῖν
1114 2341 1186 2374 τινος
1199 2342 1247 2371 τὴν
1263 2338 1348 2380 ῧΒριν.
1361 2343 1415 2376 41,
1431 2343 1483 2370 40.
1507 2339 1635 2369 ἀπεδίδο-

965 2396 999 2414 το
1015 2385 1166 2425 τριάκοντα
1182 2384 1258 2423 μνῶν
1272 2386 1320 2414 τὴν
1346 2381 1417 2424 ῧζριν
1439 2383 1487 2411 καὶ
1513 2385 1562 2413 τῆν
1586 2385 1637 2413 τοῧ

964 2427 1052 2466 δήμου
1074 2426 1331 2468 καταχειροτονίαν,
1345 2426 1490 2456 vendidit
1503 2443 1546 2449 ᾗ
1562 2427 1593 2456 h.
1607 2437 1636 2457 e.

964 2471 1090 2511 triginta
1118 2471 1208 2500 minis
1235 2470 1353 2511 placari
1378 2480 1411 2500 se.
1441 2480 1550 2509 passus
1577 2475 1637 2506 est,

963 2518 997 2544 ut
1025 2514 1169 2544 toleraret
1194 2514 1338 2554 injuriam
1365 2512 1424 2543 sibi
1448 2513 1636 2553 impositam,

962 2567 1065 2597 neque
1084 2557 1155 2598 jure
1178 2567 1245 2586 eain
1267 2561 1515 2597 persequeretur,
1531 2561 1562 2586 et
1578 2567 1635 2596 po-

963 2600 1030 2641 puli
1047 2610 1172 2641 quoque
1185 2600 1362 2639 suffragium
1375 2599 1521 2629 adversus
1536 2599 1636 2630 Midi-

964 2654 1013 2674 am
1031 2643 1138 2679 latum,
1154 2654 1262 2684 passus
1275 2649 1322 2672 est
1333 2643 1365 2672 in
1378 2652 1498 2673 cassum
1509 2643 1633 2673 cadere.

964 2689 1018 2722 61,
1035 2688 1065 2717 6.
1100 2687 1138 2720 εἷς
1154 2688 1237 2717 τοῦτο
1253 2685 1377 2726 προήχθη
1393 2684 1519 2717 Καλλίας
1535 2684 1637 2726 ξ’Βρεως

963 2730 1012 2760 καὶ
1035 2729 1212 2770 πλεονεξίας,
1232 2728 1409 2770 Δημοσθένης
1427 2728 1454 2758 δὲ
1471 2728 1636 2769 δωροδοκίας.

965 2775 1019 2810 67,
1036 2776 1066 2804 8.

921 2816 1070 2857 ὑβριστὴς]
1093 2814 1163 2850 δ’λως
1172 2814 1196 2846 δ’
1211 2813 1236 2844 ἐν
1251 2812 1427 2854 δημοκρατία
1437 2813 1483 2844 τὸν
1498 2814 1535 2848 εἰς
1549 2816 1637 2845 ὅτιοῖν

965 2861 1096 2900 ὑβριστὴν
1107 2859 1154 2889 οὐκ
1168 2858 1319 2890 ἐπιτήδειον
1330 2859 1457 2896 ἦγήσατο
1472 2857 1539 2888 εἶναι
1555 2871 1636 2898 συμ-

965 2900 1176 2933 πολιτεύεσθαι.
1191 2905 1224 2937 3,
1240 2904 1292 2931 24.

922 2945 1097 2986 ύΒριστικός]
1120 2943 1307 2982 κατέπεμψε
1328 2944 1372 2984 τῷ
1387 2944 1468 2984 δήμῳ
1483 2943 1636 2977 ἐπιστολὴν

967 2989 1014 3018 καὶ
1034 2990 1122 3029 μάλα
1147 2989 1310 3030 ὑβριστικὴν
1339 2988 1387 3018 καὶ
1410 2987 1555 3028 Βάρβαρον.
1580 2991 1638 3025 87,
