1916 3340
316 214 372 255 24

359 317 425 352 δειος
441 316 512 346 δίκην
528 316 626 345 δοῦναι.
645 317 698 351 86,
716 317 768 348 33.

316 359 412 401 δίοδος]
436 358 516 390 δίοδον
531 359 619 389 αἰτεῖν
635 357 682 389 ἐπὶ
699 357 855 389 Φίλιππον.
871 360 924 393 75,
942 359 972 388 9.

315 403 436 444 διοικειν]
462 402 622 432 διοικοῦνται
638 402 666 432 αἱ
683 404 829 432 πολιτειαι
845 402 904 435 τοῖς
918 400 1029 441 τρόποις

359 457 418 475 των
432 444 636 485 ἐφεστηκότων.
655 448 686 481 1,
701 448 752 475 20.

315 487 458 523 διοίκησις,
481 488 629 518 aerarium.
652 489 773 523 58,14.
798 485 844 516 δ’τε
867 484 949 516 αὐτὸν
972 485 1028 515 ἐπὶ

359 533 408 562 τὴν
422 533 506 562 κοινὴν
521 530 650 561 διοίκησιν
666 530 793 561 εἵλεσθε.
809 532 863 565 48,
879 531 910 559 9.

316 573 499 614 διόμνυσθαι,
518 574 622 614 jurare
638 573 828 614 simpliciter.
850 574 905 608 49,
921 573 951 602 9.
978 570 1030 600 διό-

358 617 490 657 μνυσθαι
506 619 554 648 τὴν
569 615 700 647 Ἀθηνᾶν.
716 619 770 650 74,
790 615 843 645 ult.

316 659 560 700 διομολογεῖσθαι,
583 661 621 689 ad
645 660 770 689 alterum
796 657 915 699 aliquid
939 656 1030 697 polli-

358 703 433 739 ceri,
449 703 624 733 obstrictum
642 714 674 732 se
690 703 718 732 ei
735 712 773 731 ea
793 702 832 731 de
851 711 881 730 re
900 700 1030 730 reddere

359 757 415 776 sua
439 746 642 786 professione.
667 747 721 780 34,
744 747 796 775 32.
830 743 1028 782 διωμολογήθη

359 789 450 828 αὐτῷ,
464 789 640 819 condictum
656 787 714 828 ipsi
729 793 762 817 et
777 787 957 827 promissum
973 790 1030 816 est.

361 834 414 868 69,
430 834 483 862 33.

317 875 462 915 Διονύσια]
487 876 601 914 πομπὴ
619 871 762 904 Διονυσίων
779 871 834 902 τῶν
849 870 873 900 ἐν
886 871 981 901 ἄστει.
999 873 1030 907 6,

360 921 412 948 40.
438 917 570 948 Διονύσια
585 915 651 945 κατ’
666 916 756 956 ἀγρόν.
772 918 825 950 22,
842 917 893 945 26.
917 913 980 943 θέαν
994 914 1031 948 εἰς

359 963 399 991 τοὶ
413 959 543 991 Διονύσιοι
555 971 740 999 κατανειμαι.
761 961 814 994 35,
829 961 879 987 10.
901 957 1030 987 Διονύσια

359 1006 399 1034 τὰ
415 1002 441 1033 ἓν
456 1003 551 1032 ἄστει.
568 1005 621 1039 36,
637 1005 667 1033 3.
692 1001 817 1042 προεδρία
831 1001 868 1034 εἰς
883 1003 923 1030 τοὶ
938 998 1031 1031 Διονύ-

360 1059 423 1076 σια.
444 1048 498 1083 42,
514 1048 566 1076 31.
596 1057 701 1085 πομπη
722 1045 778 1074 τῶν
800 1042 954 1075 Διονυσίων.
976 1046 1030 1080 48,

359 1093 411 1121 22.
427 1088 625 1142 παρεληλύθει
632 1091 671 1118 τα
682 1088 822 1119 Διονύσιοι.
838 1089 921 1122 653ss
903 1089 954 1117 ..5-
972 1098 1029 1127 κρι-

358 1145 409 1162 ται
426 1144 447 1162 οι
468 1131 500 1161 ἐκ
515 1132 672 1167 Διονυσίων,
687 1131 811 1172 judices
828 1136 859 1160 et
876 1130 1031 1160 brabeutae

360 1174 554 1227 palmarum'
547 1185 579 1204 ln
593 1175 796 1205 Liberalibus.
814 1175 868 1209 87,
883 1175 914 1203 4.

318 1217 496 1252 Διονυσιακός
515 1216 605 1257 νόμος,
630 1218 678 1248 lex
697 1218 736 1248 de
753 1216 955 1253 Liberalibus,
975 1216 1030 1252 58,

360 1265 413 1292 36.

318 1304 450 1356 διορθουν]
481 1303 684 1356 θεσμοθέταις
710 1301 823 1344 ωροστέ
826 1313 935 1332 τακται
959 1299 1030 1330 καθ’

360 1347 480 1378 ἕκαστον
499 1346 617 1377 ενιαυτόν
632 1345 743 1386 διορθοῦν
759 1358 823 1380 τους
841 1344 867 1375 ἐν
881 1345 925 1384 τῷ
944 1345 1030 1384 δημο-

361 1391 411 1430 σίῳ
426 1390 532 1430 νόμους.
550 1392 604 1424 59,
618 1393 650 1420 7.

317 1434 434 1474 διορίζειν
449 1432 623 1473 σαφέστερον
642 1432 686 1471 τῷ
708 1432 792 1470 λόγω.
809 1433 862 1467 13,
879 1432 931 1461 31.
955 1429 1029 1470 διορί-

360 1476 478 1515 ζεσθαι,
504 1486 677 1506 asseverare
704 1475 791 1506 claris
819 1479 851 1504 et
877 1473 1029 1504 distinctis

360 1520 472 1550 verbis.
489 1522 543 1555 70,
560 1521 613 1549 27.

315 1562 479 1603 διορύσσειν]
496 1562 619 1602 διορύξας
634 1561 679 1591 τόν
694 1560 782 1591 ”Αθω.
798 1562 852 1595 72,
869 1560 921 1591 25.

316 1604 475 1639 διπλασίως
490 1606 607 1642 ἄμεινον.
624 1607 678 1641 44,
693 1607 746 1635 20.

316 1649 356 1684 δὶς
373 1650 434 1698 περὶ
455 1651 503 1678 τοῦ
525 1649 611 1678 αὐτοῦ
628 1647 718 1687 λέγειν
733 1648 746 1677 ὅ
761 1645 845 1680 αὐτὸς
860 1646 920 1679 τοῖς
934 1645 1030 1679 αὐτοῖς

359 1693 487 1722 vetitum
506 1698 580 1722 erat.
593 1692 625 1727 5,
641 1694 693 1722 33.

315 1733 420 1789 δίωξις]
446 1734 522 1774 ὑπὲρ
545 1746 637 1763 αυτων
661 1731 841 1771 ψηφιεισθαι,
859 1727 895 1760 ὠν
912 1731 926 1760 ἦ
942 1728 1030 1768 δίωξις

378 1779 442 1813 ,de
459 1778 534 1807 solis
557 1777 616 1807 illis
628 1776 781 1818 judicare,
798 1784 868 1815 quae
889 1773 1030 1803 incusata

358 1791 429 1850 ¹⁷glut.
447 1823 499 1856 22,
515 1823 567 1850 12.

315 1863 425 1904 δόγμα]
451 1863 638 1903 προσγραφειν
654 1861 679 1891 ἒν
695 1861 738 1900 τῷ
752 1859 888 1899 δόγματι.
906 1861 959 1895 63,
975 1861 1027 1889 31.

358 1906 455 1946 δόγμα
469 1905 606 1945 εἰσέφερον
620 1905 702 1946 (scil.
723 1904 755 1933 in
772 1903 936 1933 concilium
953 1902 1029 1931 Am-

358 1948 580 1991 phictyonum)
595 1950 676 1977 κατέι
691 1948 742 1980 τῆς
758 1945 898 1986 ὑμετέρας
913 1945 1029 1978 πόλεως.

357 1994 456 2027 7Ο,2.
481 1990 645 2021 ἀποδιδόναι
661 1989 767 2029 δόγμα.
785 1992 840 2024 71,
857 1991 910 2040 16.

315 2035 412 2076 δοκεῖν]
437 2037 491 2064 τῶν
507 2033 632 2074 ψέφωΓ
624 2046 637 2064 η
653 2031 862 2073 τετρυπημένη,
880 2030 935 2071 δ’τῳ
958 2031 1033 2061 δοκεῖ

356 2077 592 2131 (πεπορνεῦσθαι
620 2075 789 2116 Τίμαρχος)
811 2087 825 2106 η
852 2073 880 2104 δὲ
905 2074 1029 2114 ωληρης,

357 2120 413 2151 δ’τω
428 2133 482 2161 μη.
503 2124 555 2156 11,
570 2122 623 2150 34.
648 2118 814 2158 ἀπαλείφειν
830 2129 859 2147 τι
881 2128 939 2147 των
959 2117 1030 2146 δεδο-

356 2176 418 2204 γμε
410 2163 467 2193 ’νων
488 2163 556 2203 περὶ
579 2165 629 2196 τῆς
650 2162 756 2202 εἰρηνης.
782 2163 836 2197 49,
854 2163 907 2191 36.
933 2171 1029 2200 ’τῦ-ροσ-

358 2208 470 2249 γράψειν
490 2219 520 2236 τι
542 2218 597 2236 των
621 2218 664 2245 μη
688 2204 824 2243 δοξάντων
846 2204 923 2244 ὑμιν.
950 2204 1029 2233 ibid.

357 2251 399 2289 μή
423 2262 474 2290 μοι
497 2261 562 2290 wag
592 2248 672 2290 ὑμῶν
695 2246 853 2278 arwam-nen
877 2246 910 2277 τὰ
935 2246 1027 2276 δοκειν.

360 2296 412 2328 61,
430 2296 461 2324 9.

316 2335 490 2376 δοκιμάζειν]
524 2334 629 2365 οἴκοθεν
653 2345 685 2363 εκ
715 2345 764 2362 του
788 2330 848 2365 βίου
881 2332 1029 2373 δεδοκιμα-

358 2378 478 2419 σμένους
493 2376 584 2417 ἀξίους
598 2389 649 2410 της
664 2375 770 2409 πόλεως
786 2375 862 2405 εῖναι.
877 2378 965 2410 43,4
968 2397 976 2405 .

316 2421 484 2462 δοκιμασία,
501 2431 593 2451 causa
608 2419 774 2461 ejusmodi,
789 2429 851 2458 qua
864 2429 944 2454 reus,
957 2418 1028 2448 vitae

358 2466 510 2506 flagitiose
534 2471 610 2494 actae
634 2467 808 2496 accusatus,
824 2471 951 2492 necesse
973 2461 1029 2491 lla-

358 2509 581 2544 bebat,m01es
596 2517 666 2537 suos
684 2515 813 2546 purgare
833 2505 874 2534 ad
892 2504 1027 2545 judices.

359 2550 517 2588 ἐπηγγειλα
531 2550 609 2588 αὐτ-ῳ
623 2548 729 2579 ταύτην
743 2558 790 2577 την
804 2547 980 2599 δοκιμασίαν.
1002 2550 1028 2582 1,

361 2597 391 2625 9.
414 2593 583 2633 δοκιμασίαν
603 2592 683 2633 (scil.
707 2591 762 2620 τῶν
785 2590 913 2631 ῥητόρων)
937 2589 1030 2628 ἐπαγ-

359 2637 486 2676 γειλατω
500 2637 511 2665 ὁ
527 2635 699 2675 βουλόμενος.
720 2637 751 2670 5,
768 2636 819 2664 17.
843 2631 1023 2673 δοκιμασίαε
1014 2645 1028 2663 η

360 2691 495 2730 γινομενη.4
510 2691 570 2713 τοις
593 2679 745 2711 αδυνάτοις.
763 2680 816 2712 14,
828 2678 882 2705 41.
913 2677 1029 2706 ἀπολει-

360 2723 446 2762 φθεὶς
459 2724 509 2756 τῆς
523 2720 704 2760 δοκιμασίας,
715 2730 784 2750 cum
799 2730 862 2749 non
878 2719 1031 2749 interfuis-

361 2772 407 2796 set
424 2765 611 2806 probationi,
623 2775 676 2794 seu
688 2763 843 2798 scrutinio,
855 2772 909 2792 seu
925 2772 1031 2792 recen—

361 2809 450 2839 sioni.
466 2808 542 2838 ibid.

319 2851 511 2891 δοκιμαστὴς]
545 2850 728 2888 δοκιμαστὰς
752 2849 858 2882 ἱκανοὺς
884 2849 934 2877 τοῦ
961 2847 1031 2887 ἐμοῦ

363 2894 446 2927 βίου“
437 2906 515 2933 υμας
529 2891 643 2933 νομίζω.
659 2896 714 2929 47,
732 2895 783 2923 SO-

320 2937 534 2978 δολιχοδρομειν.
551 2938 605 2972 66,
621 2938 674 2966 3‘2.

319 2980 416 3021 δόμος]
441 2980 476 3013 ὡς
491 2979 560 3027 ὁμοῦ
576 2976 735 3019 ἐτράφεμεν
750 2987 808 3016 περ
830 2975 854 3006 ἒν
873 2975 1032 3016 ὑμετέροισι

362 3022 485 3063 δόμοισι,
511 3022 543 3052 in
571 3022 628 3052 tuis
656 3028 838 3061 tuorumque
866 3025 1032 3061 parentum

745 209 939 251 INDEX
975 207 1352 250 GRAECITATIS

1105 315 1236 346 aedibus.
1254 318 1307 349 21,
1326 317 1377 346 12.

1063 355 1143 398 δόξα]
1165 356 1279 397 καθαρὸν
1293 357 1367 388 οὕτω
1381 358 1435 398 χρὴ
1451 356 1496 387 τὸν
1511 354 1568 390 βίον
1582 357 1631 387 τοῦ
1644 357 1776 398 σώφρονος

1105 400 1195 440 ἀνδρὸς
1221 399 1298 436 εῖναι,
1321 401 1398 430 ὥστε
1420 401 1462 439 μὴ
1487 398 1673 441 ἐπιδέχεσθαι
1697 401 1775 440 δόξαν

1106 443 1201 477 αἰτίας
1223 445 1347 484 πονηρᾶς.
1362 446 1395 477 7,
1411 444 1464 473 32.
1489 443 1604 484 λῃστῶν
1619 442 1695 481 δόξης
1716 444 1776 473 ἆνε-

1107 484 1278 525 πίμπλατο.
1299 489 1353 522 37,
1370 488 1421 517 23.
1446 484 1590 527 ἐρχόμεθα
1605 485 1691 517 δήπου
1706 484 1775 523 ψευ-

1106 528 1162 562 δεῖς
1177 529 1281 559 οἴκοθεν
1296 529 1378 560 ἐνίοτε
1397 527 1478 567 δόξας
1497 528 1609 570 ἔχοντες
1623 531 1703 559 κατὰ
1719 528 1777 558 τᾱῖν

1106 571 1265 611 λογισμῶν,
1276 583 1380 612 prave,
1389 581 1547 612 perperam
1559 572 1598 602 de
1608 571 1775 602 rationibus

1108 614 1327 646 existimantes.
1358 617 1412 650 62,
1437 617 1469 646 9.
1504 613 1702 656 ’περιέρχονται
1727 615 1776 645 τὴν

1107 657 1208 696 ἀγορὰν
1220 657 1332 691 ἀληθεῖς
1342 657 1549 688 κατ’ἇλλήλων
1563 657 1674 699 ἔχοντες
1686 656 1775 697 δόξας.

1107 702 1160 735 84,
1177 703 1229 730 27.

1064 741 1247 785 δορυάλωτος]
1272 743 1439 785 δορυάλωτον
1453 745 1502 775 τῗιν
1516 741 1606 773 πόλιν
1620 740 1702 778 εἷλες.
1722 744 1776 779 32,

1107 787 1160 816 33.

1064 827 1187 869 δουλεία]
1213 828 1288 867 ἄγειν
1303 828 1342 862 εἷς
1356 829 1486 863 δουλείαν,
1506 839 1613 870 rapere
1629 828 1661 858 in
1683 829 1777 859 servi-

1107 877 1215 902 tutem.
1234 874 1265 907 9,
1281 874 1332 902 26.
1357 871 1498 911 οἰγομένας
1513 873 1648 909 γυναῖκας
1663 872 1702 907 εἰς
1715 873 1774 902 δου-

1106 914 1192 951 λείαν,
1217 915 1365 955 direptas,
1389 915 1422 945 in
1446 915 1656 956 captivitatem
1679 915 1778 945 abdu-

1108 963 1185 988 ctas.
1203 960 1257 993 76,
1272 960 1302 988 3.

1064 999 1195 1031 δουλεύειν
1206 1002 1273 1034 ταῖς
1284 999 1460 1051 αἰσχίσταις
1471 1000 1584 1036 ηδοναις,
1595 997 1777 1040 ὄψοφαγίαις,

1105 1044 1156 1073 καὶ
1181 1045 1376 1078 πολυτελείαις
1397 1041 1516 1080 δείπνων,
1540 1055 1588 1073 και
1615 1041 1777 1083 αὐλητρίσι,

1106 1098 1154 1117 και
1172 1085 1306 1127 ἑταίραις,
1322 1099 1368 1117 και
1391 1086 1496 1122 κύβοις,
1512 1085 1562 1116 και
1584 1086 1645 1121 τοῖς
1668 1087 1778 1121 ἄλλοις,

1107 1129 1155 1174 υφ’
1169 1129 1204 1160 ὠν
1219 1129 1317 1165 οὐδενος
1333 1131 1375 1160 δεῖ
1391 1128 1558 1170 κρατεῖσθαι
1579 1128 1626 1159 τὸν
1649 1130 1775 1168 γενναῖον.

1108 1175 1140 1209 6,
1156 1177 1208 1205 33.
1224 1175 1277 1205 34.

1064 1216 1213 1257 δραπέτης
1226 1216 1274 1246 καὶ
1287 1215 1451 1252 λελοιπότες
1463 1218 1511 1248 τῆν
1523 1216 1604 1255 τάξιν
1618 1214 1707 1249 πόδες.
1723 1217 1778 1252 75,

1109 1262 1159 1290 13.

1064 1301 1207 1344 δρασμὸς]
1229 1301 1271 1332 ἵνα
1285 1315 1328 1341 μη
1341 1301 1486 1343 προλαβὼν
1501 1302 1646 1343 χρηματα
1658 1314 1710 1337 της
1724 1302 1776 1332 πό-

1106 1352 1186 1381 λεως,
1201 1345 1215 1377 ἢ
1232 1345 1346 1385 πράξεις
1361 1345 1486 1385 δρασμῷ
1497 1357 1599 1386 χρησῃ.
1616 1346 1668 1379 56,
1687 1347 1739 1375 38.

1064 1389 1197 1429 δραχμη]
1223 1389 1387 1429 ἀποστερειν
1401 1387 1545 1429 τέτταρας
1560 1387 1704 1440 δραχμάς.
1722 1390 1775 1424 22,

1109 1434 1162 1462 3.4
1185 1430 1274 1467 τόκον,
1291 1431 1421 1472 δραχμῆν
1442 1433 1492 1461 τοῦ
1515 1430 1599 1470 μηνὸς
1621 1442 1673 1465 της
1692 1433 1776 1470 μνᾶς.

1107 1476 1160 1509 68,
1179 1477 1230 1505 26.

1064 1516 1241 1558 δρομοκήρυξ.
1258 1516 1313 1553 45,
1331 1519 1382 1547 20.
1407 1528 1434 1547 v.
1452 1516 1619 1557 δημοκηρυξ.

1064 1559 1171 1600 δρόμος,
1189 1561 1298 1595 orbita,
1320 1560 1370 1590 vel
1391 1570 1473 1596 area,
1496 1560 1527 1589 in
1551 1569 1612 1599 qua
1635 1559 1777 1589 curritur.

1107 1604 1146 1638 εἷς
1162 1602 1208 1634 τόν
1228 1605 1278 1634 τοῦ
1292 1603 1477 1643 πράγματος
1491 1603 1577 1632 αὐτοῦ
1602 1601 1699 1642 δρόμον
1721 1602 1778 1631 εἰσ-

1108 1646 1236 1677 ελαύνειν.
1262 1646 1314 1681 25,
1335 1649 1386 1676 10.
1411 1646 1433 1675 εἰ
1452 1647 1494 1684 μῆ
1512 1644 1603 1685 δρόμῳ
1617 1645 1705 1685 μόλις
1719 1643 1777 1685 ἑξε-

1107 1688 1232 1729 φύγομεν
1245 1688 1282 1724 εἰς
1298 1688 1435 1726 Δελφούς.
1450 1691 1505 1722 71,
1521 1690 1551 1718 6.

1065 1729 1146 1771 δύειν]
1191 1731 1267 1762 ἡλίου
1298 1730 1447 1765 δεδυκότος.
1486 1733 1517 1767 2,
1549 1734 1601 1761 18.
1639 1730 1778 1764 δεσπότης

1107 1775 1240 1804 ἁπάντων
1255 1773 1407 1814 ἀνθρώπων
1429 1772 1480 1814 ἀφ’
1496 1772 1570 1804 ἡλίου
1591 1773 1708 1809 ἀνιόντος
1721 1773 1778 1814 μὲ-

1106 1829 1157 1858 χρι
1175 1816 1315 1857 δυομένου.
1330 1820 1384 1854 72,
1401 1819 1453 1848 27.

1065 1858 1195 1901 δύναμις]
1221 1861 1364 1900 τιμωρεῖν,
1391 1859 1440 1888 καὶ
1466 1859 1529 1890 ποδὶ
1555 1859 1602 1889 καὶ
1628 1859 1702 1900 χειρὶ
1729 1859 1778 1889 καί

1107 1904 1182 1944 φωνῆ
1195 1903 1242 1932 καὶ
1258 1904 1339 1933 παση
1356 1903 1479 1942 δυνάμει.
1498 1905 1551 1938 43,
1567 1905 1617 1932 17.
1641 1902 1778 1932 ἐπασκεῖν

1107 1936 1222 1985 δύναμιν
1238 1936 1383 1986 ανθρώπων
1397 1944 1538 1976 ἀπίστων.
1555 1948 1674 1981 46,10.
1692 1956 1777 1986 προσ-

1105 1987 1371 2029 μεταπέμπεσθαι
1405 1988 1529 2028 δύναμιν.
1556 1990 1678 2024 66,1Ο.
1711 1988 1778 2019 ἐπε-

1106 2043 1260 2073 στρατευον
1287 2030 1333 2060 ἐπ’
1348 2030 1430 2061 αὐτον
1445 2032 1621 2061 τηλικαῦται
1637 2031 1778 2071 δυνάμεις.

1108 2076 1161 2109 66,
1178 2077 1229 2106 37.
1256 2074 1443 2114 συναθροίζειν
1466 2073 1580 2113 δύναμιν
1602 2074 1700 2104 ἱκανήν.
1724 2077 1780 2112 69,

1107 2120 1136 2148 6.
1160 2118 1272 2152 βοηθειν
1286 2117 1330 2156 τῷ
1350 2118 1410 2157 θεῷ
1428 2116 1603 2158 (Apollini)
1619 2128 1666 2146 και
1683 2118 1722 2158 τῇ
1736 2119 1775 2159 γῇ

1107 2161 1144 2202 τῇ
1167 2161 1225 2202 ἱερᾷ
1239 2159 1286 2189 καὶ
1302 2160 1374 2201 χειρὶ
1398 2160 1446 2190 καῖ
1470 2159 1540 2189 ωοδὶ
1563 2160 1611 2190 καὶ
1634 2161 1709 2201 φωνῇ’
1729 2161 1780 2191 καὶ

1106 2205 1186 2245 πάσῃ
1210 2204 1336 2243 δυνάμει.
1353 2206 1406 2240 69,
1423 2205 1452 2234 9.
1479 2203 1559 2245 πάσῃ
1576 2203 1613 2244 τῇ
1635 2202 1748 2244 δυνάμει
1765 2204 1778 2233 ὅ

1107 2248 1221 2287 Δαρεῖος
1234 2246 1432 2280 κατεβεβήκει.
1447 2248 1502 2282 77,
1519 2248 1550 2276 8.

1064 2288 1211 2331 δύνασθαι]
1236 2289 1414 2330 περιπλέκειν
1426 2288 1491 2320 δ’λην
1510 2291 1559 2320 την
1578 2287 1682 2329 ἡμέραν
1702 2288 1776 2319 δυνή-

1105 2344 1209 2373 σομαι.
1228 2335 1259 2368 8,
1277 2333 1328 2362 15.
1353 2331 1407 2362 οὐδ’
1419 2331 1570 2365 ἀναλαβεῖν
1585 2331 1700 2366 ἑαυτοὺς
1716 2331 1776 2362 ἔδυ-

1106 2376 1218 2406 νίιθητε.
1238 2378 1289 2411 12,
1306 2378 1358 2407 13.
1381 2376 1430 2405 οὐκ
1450 2374 1561 2405 ἐδύνατο
1582 2374 1723 2414 ἀναμένειν
1743 2374 1777 2405 τδ

1106 2419 1200 2450 πλέον.
1228 2421 1280 2453 13,
1295 2421 1349 2448 40.
1371 2416 1519 2448 ἀναλαζεῖν
1541 2417 1637 2447 ἑαυτὸν
1651 2418 1698 2447 οὐκ
1713 2417 1774 2449 ἦδυ-

1105 2462 1185 2493 νήθη.
1201 2464 1256 2496 33,
1277 2464 1307 2492 2.
1331 2461 1469 2492 δύνασθαι
1487 2460 1530 2500 τῷ
1544 2461 1678 2500 σώματι,
1694 2461 1775 2491 bene

1105 2505 1208 2535 valere
1233 2514 1370 2545 corpore.
1393 2507 1447 2539 40,
1467 2506 1520 2535 39.
1551 2502 1643 2534 ἐπειδὴ
1666 2502 1698 2532 ἐκ
1723 2505 1774 2534 τοῦ

1106 2549 1217 2588 φανεροῦ
1243 2549 1291 2579 τῆν
1313 2546 1394 2578 πόλιν
1419 2546 1565 2587 ἄνθρωπος
1588 2547 1636 2576 οὐκ
1660 2546 1775 2577 ἠδύνατο

1106 2593 1227 2630 σφῆλαι.
1243 2593 1298 2626 71,
1315 2593 1366 2622 20.

1064 2632 1227 2673 δυναστεία]
1251 2631 1416 2666 δυναστείας
1434 2631 1544 2666 ἑαυτοῖς
1562 2633 1773 2672 περιποιοῦντες.

1107 2678 1161 2712 54,
1189 2679 1240 2706 12.
1278 2676 1450 2706 τηλικαύτην
1484 2675 1578 2714 ἑαυτῷ
1613 2674 1775 2705 δυναστείαν

1106 2719 1325 2749 κατεσκεύασεν.
1340 2721 1395 2753 74,
1412 2720 1463 2748 16.
1499 2715 1660 2749 δυναστείαν
1675 2718 1775 2748 ἑαυτοῦ

1107 2762 1191 2796 αὐτὸς
1205 2762 1409 2792 καταλέλυκεν.
1426 2764 1479 2798 87,
1496 2764 1548 2790 10.

1065 2804 1216 2846 δυνάστης]
1227 2803 1454 2845 προσάπτεσθαι
1470 2803 1558 2844 ἀνδρὸς
1570 2803 1688 2837 ἰδιώτου,
1704 2802 1718 2833 ἢ
1731 2803 1776 2832 δυ-

1107 2849 1222 2882 νάστου,
1238 2847 1252 2878 ἢ
1267 2847 1382 2881 πόλεως
1394 2846 1772 2888 δημοκρατουμένης.69,36.

1065 2889 1178 2924 δυνατός
1190 2890 1278 2929 λέγειν
1293 2890 1330 2924 εἰς
1344 2889 1508 2931 ὑωερζολην.
1524 2893 1577 2926 25,
1592 2891 1644 2919 34.

1066 2934 1203 2974 δυνατῶς]
1235 2934 1412 2974 μνημονικῶς
1442 2933 1488 2962 καὶ
1519 2932 1641 2966 δυνατῶς
1671 2931 1774 2968 εἰπεῖν,

1109 2983 1227 3017 promte
1242 2982 1273 3007 et
1286 2977 1390 3008 valide
1406 2982 1576 3018 ornateque
1592 2975 1705 3006 dicere.
1723 2977 1775 3011 34,
