1932 3322
545 192 633 235 AD
665 191 765 235 OR.
797 191 849 234 C.
880 188 1281 235 TIMARCHUM..

180 282 219 314 ad
235 281 442 314 dimicandum
458 282 596 314 oratione
611 283 773 320 accendat,
788 286 842 313 aut
855 281 894 313 ad

182 336 273 366 opem
289 326 349 356 sibi
365 327 519 358 ferendam
535 328 722 357 cohortetur.

224 369 303 399 ibid.
319 381 348 399 v.
370 374 401 403 6.
424 370 574 412 δξαχμῶν.
597 366 657 400 εἶθ’
679 368 818 409 ἕκαστος]
843 368 895 398 8ἰο

182 412 256 442 olim
273 413 466 453 vulgabatur.
490 415 570 453 Ego,
592 413 712 443 sublato
735 413 816 448 colo,
839 423 895 451 pro

181 456 284 486 medio
303 458 453 488 vocabulo
469 455 526 487 εἶθ’
542 468 579 487 ex
592 455 771 486 auctoritate
785 455 802 485 J
807 455 898 492 urini,

179 498 318 540 (tametsi
325 500 398 530 mihi
408 510 528 540 quoque
539 500 602 540 ipsi
612 504 722 540 sponte
732 509 802 528 mea
814 499 896 529 idem

180 541 211 571 in
235 547 366 573 mentem
382 542 526 583 venerat)
549 543 658 573 suffeci
682 542 730 575 εἷς.
753 543 898 582 quinqua-

181 586 265 626 genis
285 587 318 616 in
332 587 453 628 singula
467 587 595 616 crimina
609 586 767 616 drachmis.

223 628 302 659 ibid.
326 628 506 671 ἐπιγράφειν]
531 631 615 659 Bene
635 629 739 658 habet.
763 628 796 658 id
814 628 898 667 quod

179 671 275 702 index
305 677 410 703 noster
435 673 467 702 in
496 673 736 703 Demosthenem
760 671 899 701 docebit.

179 712 346 755 ἐπιγράφειν
370 716 483 746 dicitur
513 721 662 755 quaestor,
688 725 759 745 cum
788 725 898 745 nomeu

180 758 281 788 aerarii
298 758 370 789 facti
384 759 417 789 in
432 760 553 790 tabulas
566 759 708 800 publicas
725 759 830 795 refert,
847 762 899 788 aut

178 801 211 830 in
223 801 373 832 schedula
387 802 495 833 scribit
509 803 651 833 exactori
663 802 826 838 tradenda,
838 812 899 841 qua

180 843 253 874 huic
274 849 415 884 potestas
438 847 531 876 etiam
553 857 611 886 per
635 846 697 877 vim
716 857 735 876 a
757 845 900 876 debitore

180 887 328 927 exigendi
351 889 453 928 datur,
479 890 574 929 idque
599 890 629 920 ei
653 889 791 920 muneris
816 899 900 920 man-

177 931 281 961 datur.

223 974 301 1004 ibid.
317 986 348 1006 v.
364 986 434 1016 pen.
457 974 688 1017 ἐπιβάλλοντες]
719 976 804 1006 Dedi
828 974 897 1005 ἐωι·

180 1015 331 1055 βαλόντες,
352 1018 385 1048 ἱῑι
415 1030 480 1050 aor.
507 1020 656 1050 secundo·
702 1020 751 1049 De
772 1021 809 1050 Ι..
831 1020 900 1049 dra-

179 1061 338 1092 chmarum
353 1063 480 1100 mulcta,
497 1073 564 1102 quae
579 1073 630 1093 res
648 1073 664 1092 e
688 1063 900 1093 Demosthene

178 1108 254 1134 nota
269 1109 327 1142 est,
340 1106 384 1136 nil
400 1111 466 1137 erat
480 1117 535 1137 cur
550 1106 701 1137 Brodaeus
716 1106 885 1137 dubitaret.

221 1147 299 1178 ibid.
324 1159 355 1179 v.
379 1149 436 1180 ult.
459 1151 510 1181 τῆν
535 1150 661 1191 πρώτην]
686 1150 799 1180 Fateor
820 1151 900 1179 hunc

177 1189 281 1221 locum
294 1191 369 1222 mibi
384 1193 588 1232 caliginosum
599 1198 630 1223 et
644 1192 899 1232 inexplicabilem

179 1242 263 1264 esse.
360 1257 362 1259 -

220 1286 253 1315 p.
277 1277 329 1306 24.
351 1287 384 1307 v.
400 1281 430 1308 1.
458 1277 582 1317 διεξίωσι
602 1276 734 1319 κλήσεις]
762 1276 899 1318 Διεξιέναι

176 1319 294 1354 κλήσεις
313 1319 389 1359 quid
413 1321 465 1358 sit,
481 1322 599 1360 ignoro.
616 1331 689 1351 uum
709 1331 820 1351 causas
835 1320 899 1350 liti-

178 1362 313 1401 gantium
323 1363 477 1394 audiendo
487 1369 519 1395 et
531 1364 736 1404 disceptando
750 1363 898 1403 exsequi?

176 1408 212 1435 ut
240 1407 394 1437 sententia
418 1407 478 1438 sit:
501 1408 554 1438 ubi
578 1408 645 1438 lites
671 1409 802 1438 omnium
822 1409 901 1447 jure

174 1449 391 1488 experientium
413 1452 581 1493 peregerint
603 1457 692 1492 atque
713 1451 899 1482 absolverint.

177 1491 329 1529 Quaerant
343 1495 507 1525 acutiores.

220 1534 299 1568 ibid.
317 1548 348 1568 v.
363 1540 395 1569 3.
411 1540 467 1569 τῶν
481 1536 587 1580 νόμων]
609 1538 679 1568 Imo
695 1547 770 1569 vero
787 1538 842 1567 τῶν
856 1536 901 1568 δή·

177 1589 254 1619 μων.
301 1580 478 1612 Exactores
505 1582 554 1612 sui
578 1581 692 1622 cuique
719 1581 823 1617 demo,
847 1591 902 1611 seu

177 1631 272 1662 pago,
300 1629 398 1656 erant.
442 1625 508 1656 Aut
536 1625 642 1666 potius
669 1624 804 1655 delenda
833 1628 903 1654 sunt

178 1665 247 1738 btaec
260 1666 326 1738 :tuo
337 1668 490 1699 vocabula
502 1672 538 1699 ut
551 1678 717 1709 perperam
728 1679 746 1700 e
758 1667 902 1709 proximo

179 1718 192 1739 ι
206 1718 260 1739 era
275 1719 303 1739 a.

223 1750 252 1791 §.
273 1750 319 1783 θ’.
340 1761 373 1791 p.
387 1752 442 1783 25.
465 1763 497 1783 v.
519 1755 553 1782 7.
577 1753 648 1783 αὐτὸ
668 1753 780 1795 ἔδειξεν]
817 1754 904 1784 Bene

179 1794 284 1826 habet.
314 1795 509 1826 Subauditur
528 1795 564 1826 ora
586 1795 672 1835 ἔργον,
687 1800 740 1825 aut
758 1796 793 1825 τὸ
809 1795 904 1831 τέλος,

180 1843 234 1869 aut
248 1837 291 1868 .τό
305 1840 454 1880 πρᾶγμα.
469 1844 502 1870 ut
517 1839 661 1876 addatur,
677 1848 757 1878 opus
773 1838 816 1868 nil
833 1847 904 1868 esse

181 1881 318 1913 videtur.
353 1883 448 1922 Quod
471 1882 497 1913 si
514 1887 616 1913 tamen
632 1882 760 1912 codices
775 1891 904 1912 numero

180 1925 320 1964 vincant,
333 1926 583 1966 supplementum
600 1930 735 1961 tuentes,
752 1925 834 1955 haud
855 1935 906 1956 re-

180 1970 340 2008 pugnabo.
362 1969 454 2010 [Not.
471 1970 548 2000 Var.
560 1970 666 2011 Lect.]
683 1969 783 1999 Unum
796 1969 905 1998 horum

181 2011 243 2053 [sc.
266 2011 301 2043 τὸ
315 2011 402 2054 ἔργον,
415 2010 541 2054 τοῦργον,
556 2013 590 2044 τὸ
605 2013 755 2055 πρᾶγμα]
773 2013 906 2042 debebat

180 2055 302 2095 recipi:
325 2066 433 2086 verum
453 2056 529 2096 quia
543 2056 734 2091 dubitabam,
752 2057 905 2096 quodnam

183 2103 269 2129 esset
284 2099 517 2138 proferendum,
533 2100 652 2130 nullum
668 2098 794 2135 admisi,
816 2100 906 2139 cujus

185 2151 236 2172 me
251 2151 332 2172 nunc
347 2141 421 2173 facti
437 2143 577 2183 poenitet.

226 2187 320 2225 p.26.
337 2195 368 2215 v.
382 2187 433 2217 13.
443 2188 523 2226 παςὰ
537 2183 738 2228 πρεσβυτέρῳ]
755 2187 837 2227 Παρὰ.
853 2186 906 2216 ad-

184 2228 266 2260 scivi
280 2239 288 2259 :
304 2228 430 2259 videtur
440 2230 521 2260 enim
537 2233 641 2260 orator
655 2228 686 2258 in
702 2229 756 2259 illo
770 2231 848 2269 παρὰ
860 2232 908 2259 to-

184 2272 246 2303 ties
264 2272 406 2303 iterando
422 2272 486 2303 vim
501 2273 607 2303 nescio
623 2282 713 2313 quam
731 2272 907 2302 affectasse.

228 2314 256 2355 ᾗ.
267 2315 308 2346 ui.
317 2326 350 2356 p.
364 2318 416 2348 26.
426 2327 459 2347 v.
471 2319 522 2348 16.
538 2315 580 2358 ἓν]
598 2316 733 2347 Perinde
745 2320 794 2346 est
805 2320 908 2346 utrum

188 2356 215 2389 ἓν
229 2359 330 2399 legas,
354 2363 389 2390 ut
412 2359 491 2390 editi
513 2370 620 2390 omnes
645 2359 808 2396 exhibent,
823 2369 861 2389 an
883 2358 909 2389 ἐν

187 2408 259 2432 011111
272 2402 348 2439 leni,
367 2403 451 2443 quod
467 2403 552 2434 idem
567 2409 615 2434 est
630 2407 721 2443 atque
738 2402 766 2433 ἐν
788 2402 908 2439 τούτοις,

187 2449 299 2476 ettam
323 2444 351 2476 ἓν
372 2456 469 2477 unum
492 2447 736 2477 subaudiendum
760 2447 909 2485 relinqui-

187 2491 249 2519 tur.
272 2489 343 2520 Pari
358 2490 464 2526 modo,
479 2495 572 2530 atque
587 2489 655 2532 πρὸς
673 2490 810 2530 simplex
827 2490 909 2520 idem

188 2532 273 2563 valet
289 2537 381 2573 atque
398 2532 464 2574 πςδς
483 2533 603 2568 τούτοις.

231 2575 312 2606 ibid.
324 2587 354 2607 v.
370 2578 424 2607 21.
440 2577 489 2608 οὐκ,
503 2576 639 2617 ἐπανῆκε]
664 2577 811 2613 Domum,
830 2577 910 2606 unde

189 2627 260 2649 cum
275 2620 368 2650 venia
391 2620 538 2660 Misgolae
562 2630 709 2661 egressus
733 2620 846 2657 fuerat,
872 2621 911 2650 ad

189 2662 367 2693 condictum
388 2668 524 2704 tempus,
545 2663 661 2706 negotii
683 2664 818 2694 condicti
835 2673 911 2704 ergo

191 2705 330 2745 gerendi,
344 2715 404 2737 non
419 2708 550 2738 redibat.

234 2757 266 2787 p.
283 2750 336 2779 2⁷.
353 2760 382 2780 v.
400 2752 452 2782 12.
465 2749 559 2783 ἐπειδὴ
573 2749 599 2782 ἔν
615 2749 786 2791 &saaca-rigia)
801 2749 911 2792 ἐσμὲν]

192 2789 343 2822 Recurrit
358 2793 424 2823 haec
441 2794 539 2825 dictio
553 2805 584 2835 p.
601 2797 655 2825 34.
672 2805 703 2825 v.
719 2795 775 2824 ult.

235 2834 314 2865 ibid.
327 2847 358 2866 v.
374 2837 426 2868 16.
442 2837 485 2877 τῷ
495 2839 538 2878 μὴ
551 2837 686 2879 τάληὲῧ]
711 2837 826 2868 Delevi
843 2847 913 2877 par-

193 2877 320 2909 ticulam
336 2878 580 2911 infitiantem.V.
596 2891 628 2921 p.
640 2883 693 2912 37.
708 2891 742 2911 v.
760 2885 815 2912 17.
834 2886 865 2911 et
881 2891 914 2920 p.

194 2922 250 2951 44.
269 2932 299 2952 v.
315 2924 347 2952 4.
361 2922 487 2954 videtur
508 2925 551 2964 μὴ
571 2935 589 2954 a
613 2925 683 2954 loco
705 2935 761 2954 suo
777 2925 817 2955 ad
839 2924 914 2956 alie-

195 2972 267 2993 num
296 2965 467 2997 aberrasse.
488 2968 525 2997 V.
551 2968 588 2998 ad
617 2978 738 2999 versum
756 2970 787 2999 2.
813 2979 844 3007 p.
862 2970 914 2999 28.

197 3005 339 3039 dicenda.

1540 181 1646 236 327

972 279 1049 311 ibid.
1063 290 1095 311 v.
1109 281 1162 310 17.
1174 280 1244 321 ὑμῖν
1258 291 1291 311 τε
1307 278 1453 321 ἀκούουσι]
1472 281 1536 312 Pro
1549 282 1652 314 media

929 333 1007 355 voce
1031 323 1107 353 dedi
1129 322 1186 362 μὲν
1209 329 1334 354 auctore
1358 324 1485 354 Wolfio.
1507 325 1651 356 fortassis

929 368 1020 398 deest
1032 367 1131 397 adhuc
1147 366 1219 401 τοῖς,
1242 372 1276 397 ut
1295 368 1415 406 legatur
1431 368 1499 408 ὑμῖν
1513 368 1569 409 μὲν
1592 370 1651 404 τοῖς

929 410 1069 440 ἀκούουσι.
1097 410 1242 439 articulus
1268 410 1392 440 videtur
1414 411 1445 440 h.
1462 411 1482 441 l.
1508 422 1650 443 necessa-

933 454 999 483 rius
1011 464 1078 483 esse
1093 454 1133 482 ob
1149 452 1357 493 insequentem
1375 453 1503 483 alterum
1517 455 1561 495 τῷ
1573 467 1652 496 μοις-

933 498 1069 538 τυροῦντι.

974 551 1005 580 p.
1024 542 1077 570 28.
1094 549 1125 569 v.
1142 541 1173 570 2.
1190 538 1202 569 ὅ
1225 539 1254 569 δὲ
1278 537 1422 574 πεπονθὼς
1445 539 1651 582 δημηγοςήσει]

935 582 1064 613 Videtur
1084 583 1144 613 huc
1167 583 1377 613 revocandum
1399 593 1470 612 esse
1494 583 1570 613 illud
1593 586 1650 624 μὴ,

931 627 1016 666 quod
1037 636 1132 656 versu
1149 628 1201 656 16.
1222 637 1254 666 p.
1272 628 1325 657 27.
1350 630 1384 655 ut
1400 625 1513 656 vitiose
1537 627 1652 656 redun-

932 671 1010 700 dans
1041 670 1211 709 amputavi.
1249 671 1318 709 Ego
1347 668 1491 708 equidem
1519 669 1652 700 arbitror

932 713 1114 744 AEschinem
1134 713 1179 743 ita
1193 713 1367 752 reliquisse.
1383 712 1395 742 ὅ
1412 711 1440 742 δὲ
1457 712 1609 748 πεπονθὼς
1623 713 1653 743 οὗ

930 757 998 799 (vel
1013 756 1074 798 μὴ)
1091 756 1288 798 δημηγορήσει.
1304 756 1381 796 quod
1396 756 1421 786 si
1435 761 1536 785 autem
1550 766 1607 791 res,
1617 757 1653 786 de

932 812 990 841 qua
1006 802 1122 841 agitur,
1137 805 1199 830 tam
1205 799 1294 842 faeda
1308 806 1360 836 est,
1375 804 1411 828 ut
1426 804 1465 835 et,
1483 800 1533 838 qui
1546 805 1652 838 patra-

932 846 987 880 rit,
1000 844 1159 882 judicibus
1181 843 1286 885 offerre
1305 843 1495 882 spectandum
1517 853 1545 872 os
1570 841 1654 873 haud

934 888 1056 923 audeat,
1071 892 1099 917 et
1113 888 1151 924 ei,
1167 888 1218 927 qui
1232 896 1349 926 corpore
1353 884 1505 927 facinoris
1518 887 1655 925 turpitu-

933 932 1032 961 dinem
1047 931 1196 966 tolerarit,
1213 940 1299 971 agere
1313 940 1381 960 cum
1394 929 1503 968 populo
1518 929 1600 959 haud
1617 929 1655 959 li-

933 980 1008 1005 ceat.
1044 974 1155 1014 Neque
1171 978 1273 1004 tamen
1298 984 1347 1003 me
1362 973 1444 1012 fugit
1469 983 1537 1002 esse
1561 972 1658 1003 ratio-

934 1028 1004 1048 nem
1017 1018 1151 1058 vulgatae
1164 1018 1378 1052 defendendae,
1393 1019 1486 1057 atque
1501 1015 1656 1055 interpre-

934 1061 1027 1090 tando
1042 1061 1232 1097 molliendae,
1245 1062 1282 1090 ad
1299 1061 1379 1090 hunc
1392 1060 1528 1089 modum.
1567 1060 1654 1094 Quod

933 1105 957 1134 si
968 1109 1069 1135 autem
1085 1110 1205 1134 restam
1221 1105 1317 1143 turpis
1328 1109 1382 1139 est,
1393 1108 1429 1133 ut
1445 1108 1551 1133 auctor
1557 1102 1656 1144 flagi-

932 1149 970 1178 tii
987 1148 1069 1177 haud
1083 1148 1193 1177 audeat
1209 1153 1335 1177 vestrum
1350 1148 1575 1185 inconspectum
1587 1156 1657 1185 pro-

933 1191 1012 1226 a'ire,
1024 1200 1138 1220 consors
1162 1195 1262 1220 autem
1276 1189 1409 1230 flagitii,
1423 1191 1511 1228 cujus
1535 1190 1569 1218 in
1591 1199 1657 1219 σοι·-

931 1243 1001 1272 pore
1020 1238 1178 1271 patratum
1202 1233 1252 1270 sit,
1276 1233 1358 1262 haud
1385 1232 1602 1262 verecundetur
1623 1233 1658 1262 in

931 1277 1098 1307 concionem
1111 1276 1223 1312 venire,
1237 1281 1264 1306 et
1278 1286 1346 1305 cum
1360 1275 1466 1315 populo
1477 1285 1578 1316 agere,
1591 1275 1657 1306 lau-

933 1320 1037 1349 danda
1053 1327 1093 1350 est
1109 1319 1285 1360 legislatoris
1300 1320 1460 1358 sapientia.

976 1363 1055 1393 ibid.
1069 1374 1101 1393 v.
1119 1365 1171 1393 16.
1189 1364 1224 1398 ὡς
1248 1363 1296 1394 οὐκ.
1318 1361 1430 1405 οἴομαι]
1455 1361 1596 1393 Subaudi
1621 1362 1659 1396 ὣς

935 1406 986 1436 vel
1001 1404 1046 1436 δ’τι
1062 1404 1205 1438 πείθουσι.

976 1449 1053 1479 ibid.
1071 1450 1095 1480 εἶ
1110 1448 1138 1479 δὲ
1154 1450 1213 1490 μὴ]
1238 1449 1314 1480 Scil.
1329 1449 1417 1479 τοῦτο
1435 1446 1590 1487 γένηται,ὃ
1607 1448 1657 1478 οἴο-

934 1503 1003 1533 μαι.
1026 1493 1081 1523 Sin
1097 1498 1199 1524 autem
1215 1493 1260 1529 id,
1272 1493 1354 1533 quod
1371 1494 1505 1523 futurum
1520 1498 1658 1528 autumn,

934 1536 1035 1566 minus
1050 1537 1184 1572 eveniat,
1198 1542 1230 1567 et
1256 1541 1362 1567 contra
1377 1536 1450 1573 hoc,
1473 1539 1507 1566 ut
1530 1546 1657 1575 persua-

936 1580 1030 1610 deant
1053 1580 1119 1610 suis
1143 1579 1263 1616 amicis,
1287 1585 1322 1611 ut
1343 1579 1556 1610 testimonium
1583 1579 1659 1609 mihi

937 1634 1025 1654 suum
1043 1624 1208 1662 denegent.

979 1667 1056 1697 ibid.
1074 1677 1105 1697 v.
1122 1669 1175 1697 17.
1200 1665 1286 1698 ἐκεῖνό
1307 1676 1340 1705 γε
1363 1665 1541 1706 οὖδεμήποτε
1565 1665 1659 1696 δύνων-

936 1721 999 1747 ται,
1011 1709 1190 1751 ἀφελέσθαι]
1207 1711 1261 1740 Sic
1273 1710 1346 1740 olim
1361 1710 1554 1750 vulgabatur.
1575 1708 1661 1739 Dedi

937 1754 977 1783 de
993 1764 1064 1783 meo
1078 1752 1163 1784 ἐκεῖνό
1177 1763 1210 1792 γε
1231 1754 1259 1784 οὐ
1276 1752 1363 1789 δέδια,
1378 1751 1496 1793 μήποτέ
1511 1763 1552 1792 με
1568 1751 1661 1782 δύνων-

937 1807 988 1826 ται
1009 1796 1178 1836 ἀφελέσθαι
1195 1807 1226 1827 τ.
1241 1798 1271 1827 ἆ.
1289 1797 1342 1826 hoc
1357 1797 1460 1836 utique
1482 1797 1528 1826 nit
1551 1805 1662 1831 verear,

937 1847 974 1867 ne
989 1838 1064 1868 mihi
1077 1841 1232 1870 veritatem
1245 1841 1357 1878 eripere
1371 1841 1502 1870 valeant.

980 1881 1059 1911 ibid.
1080 1892 1110 1912 v.
1128 1884 1182 1913 18.
1196 1885 1247 1913 τὴν
1267 1881 1294 1912 ἐν
1315 1881 1354 1924 τῇ
1367 1881 1473 1923 πόλει]
1498 1881 1575 1912 Scil.
1590 1880 1661 1912 {wi-

938 1923 1140 1965 ωολάζουσαν.

983 1978 1014 2007 p.
1032 1970 1085 1999 ⁰29.
1098 1979 1131 1999 v.
1149 1970 1179 1998 4.
1194 1966 1333 2008 πέμπτον
1346 1966 1395 1997 καὶ
1409 1967 1661 2010 τετταςακοστόν]

938 2011 1011 2042 Non
1027 2021 1045 2041 a
1061 2016 1133 2042 natu
1149 2011 1233 2046 inde,
1255 2012 1311 2041 sed
1328 2022 1346 2041 a
1358 2010 1515 2051 principio
1531 2011 1662 2041 militiae.

939 2055 1152 2085 Numerabant
1175 2065 1270 2084 annos
1294 2054 1326 2084 in
1351 2054 1464 2085 militia
1488 2054 1549 2085 sibi
1572 2065 1663 2095 pera-

940 2101 1021 2129 ctos.

982 2140 1060 2171 ibid.
1082 2151 1112 2172 v.
1132 2143 1185 2172 ΞΟ.
1201 2140 1249 2170 καὶ
1272 2142 1352 2171 κατὰ
1373 2141 1422 2172 ’τῆν
1437 2140 1553 2182 γνῶσιν]
1578 2141 1665 2170 Prae.

940 2184 1125 2225 positionem
1141 2186 1221 2215 κατὰ
1234 2194 1304 2214 meo
1320 2184 1470 2214 arbitratu
1482 2183 1596 2214 delevi.
1611 2194 1664 2214 πο-

941 2229 1052 2269 λυωςεῖν
1066 2228 1116 2258 τήν
1137 2239 1208 2262 τινος
1229 2230 1331 2267 γνῶσιν
1346 2232 1404 2264 est,
1422 2227 1662 2257 familiaritatem

941 2283 1010 2302 cum
1027 2271 1131 2312 aliquo
1145 2276 1334 2302 contractam
1354 2271 1521 2301 sedulitate
1537 2276 1568 2301 et
1582 2270 1662 2301 assi·

941 2315 1062 2345 duitate
1085 2315 1256 2346 officiorum
1284 2315 1455 2354 percolere.
1481 2325 1551 2354 μου,
1577 2315 1662 2353 quod

941 2359 1044 2390 codex
1073 2360 1166 2389 Bern.
1195 2359 1326 2399 praebet,
1353 2362 1402 2388 est
1428 2358 1506 2387 illud
1536 2357 1662 2397 quidem

941 2402 1062 2442 planius
1085 2407 1177 2442 atque
1201 2402 1373 2442 vulgatius,
1391 2406 1599 2432 verumtamen
1622 2400 1660 2430 ad

942 2445 1124 2485 elegantiam
1139 2446 1222 2476 haud
1238 2445 1438 2485 exquisitius.
1474 2445 1535 2474 Pro
1551 2456 1603 2484 μοι
1614 2445 1665 2475 τὴν

942 2490 1046 2520 malim
1068 2490 1194 2520 inverso
1219 2490 1383 2519 verborum
1400 2487 1508 2518 ordine
1529 2488 1580 2518 τήν
1600 2499 1665 2528 μοι,

944 2534 1014 2564 scil.
1030 2530 1116 2563 οὖσαν
1131 2533 1182 2563 vel
1199 2533 1395 2574 ὑπάρχουσαν.

985 2576 1061 2607 ibid.
1079 2577 1117 2611 εἷς
1133 2578 1183 2607 τῆν
1201 2577 1259 2617 νῦν]
1285 2576 1361 2606 Scil.
1382 2574 1462 2616 ὥξαν,
1477 2574 1527 2605 vel
1551 2571 1665 2615 ἦμέραν.

946 2620 1008 2651 Sed
1024 2620 1084 2650 hoc
1100 2623 1148 2650 est
1164 2619 1360 2650 tralaticium.

989 2663 1066 2694 ibid.
1082 2674 1112 2693 v.
1130 2665 1182 2694 21.
1197 2661 1342 2702 διέλιπον]
1367 2661 1451 2690 Dedi
1467 2661 1507 2690 de
1520 2670 1589 2690 meo
1610 2658 1666 2689 διέ-

946 2713 1037 2737 λιπεν.
1059 2717 1120 2736 non
1144 2707 1229 2737 desiit
1242 2705 1442 2746 (Timarchus
1465 2703 1557 2744 puta)
1574 2703 1666 2734 obser-

946 2761 1015 2781 vare
1026 2750 1264 2781 consuetudinem
1276 2758 1369 2779 meam
1384 2758 1493 2778 secum.

990 2794 1016 2834 ᾗ.
1034 2792 1079 2824 ιζ’.
1102 2803 1133 2832 p.
1156 2795 1209 2824 ⁶29.
1226 2803 1257 2823 v.
1281 2797 1425 2831 antepen.
1447 2788 1574 2829 ὤκνησα]
1598 2790 1666 2819 Imo

947 2847 1024 2867 vero
1040 2836 1205 2877 ἐτόλμησα.
1221 2836 1282 2865 boc
1302 2836 1427 2875 quidem
1443 2833 1596 2864 sententia
1611 2843 1668 2872 po—

949 2881 1054 2910 stulat.
1070 2886 1097 2909 et
1123 2889 1176 2921 ego
1197 2889 1256 2908 non
1278 2889 1364 2909 essem
1385 2887 1474 2909 ausus
1500 2887 1567 2907 eum
1591 2878 1670 2906 alins

949 2924 1080 2963 alicujus
1103 2923 1225 2965 flagitii
1256 2922 1441 2958 insimulare,
1475 2927 1668 2960 prater-quam

951 2967 1042 3007 hujus
1052 2968 1155 3002 nnius,
1172 2967 1269 3005 stupri
1290 2971 1376 3005 puta.
1393 2970 1428 2996 ut
1442 2964 1516 2994 ἄλλο
1536 2969 1609 3003 post
1624 2963 1668 2993 οὗ·

952 3009 993 3041 sev
1008 3009 1138 3047 addatur
1154 3020 1281 3041 necesse
1296 3010 1336 3040 nil
1355 3009 1479 3040 videtur
1492 3018 1572 3038 esse.
