1916 3340
704 456 811 509 10.
855 455 1144 512 IACOBI
1188 456 1503 513 REISKII

1071 609 1117 630 AD

530 695 1017 745 AESCHINIS
1074 697 1662 747 ORATIONEM

796 831 868 873 IN
900 830 1403 874 CTESIPHONTEM

865 954 1330 1011 ANNOTATA.

1009 1105 1182 1125 a

406 1202 432 1243 ᾗ.
450 1201 484 1233 C'.
508 1214 540 1243 p.
562 1206 635 1236 163.
661 1215 691 1235 v.
707 1206 759 1236 15.
783 1204 861 1246 δοκῗῖ]
886 1204 970 1235 Dedi
993 1205 1076 1236 δοκεῖ.

362 1245 395 1276 ἂν
410 1247 542 1277 cohaeret
559 1259 626 1278 cum
643 1247 815 1285 διοικεισθαι,
838 1258 897 1278 non
921 1259 991 1279 cum
1013 1248 1078 1291 δοκῇ

360 1290 408 1318 vel
426 1291 508 1321 δοκει.

402 1333 478 1363 ibid.
496 1345 524 1364 v.
543 1339 681 1374 antepen.
699 1333 865 1376 ἐλάχιστα]
898 1335 965 1374 Ego
990 1333 1076 1374 equi-

358 1374 427 1405 dem
442 1377 605 1407 lectionem
621 1379 694 1408 Aldi
716 1379 814 1417 probo
838 1383 869 1408 et
891 1388 992 1413 serv0,
1016 1377 1075 1407 nisi

358 1419 441 1456 quod
459 1421 600 1460 suspicer
616 1421 785 1450 desiderari
800 1422 899 1451 adhuc
916 1420 1003 1450 ἄδικοι
1024 1420 1074 1450 vel

357 1462 489 1498 ἀνάδικοι,
507 1465 629 1503 judicia
650 1465 795 1494 rarissime
814 1463 935 1504 futura
958 1464 1074 1503 iniqua,

357 1509 410 1534 aut
424 1516 494 1536 novo
500 1507 618 1545 yudicio
639 1507 832 1537 rescindenda
853 1514 941 1547 atque
961 1512 1074 1536 restau—

354 1549 463 1578 randa.
508 1550 586 1579 Nam
609 1549 771 1592 ἐλάχισται
788 1550 814 1580 si
836 1555 921 1580 recte
938 1550 1074 1585 haberet,

355 1591 522 1622 dicendum
543 1593 665 1629 fuisset,
688 1605 749 1623 non
771 1593 807 1624 αἶ’
823 1605 856 1624 τε
877 1593 989 1634 κρίσεις,
1018 1593 1071 1623 sed

354 1633 456 1675 κρίσεις
469 1646 502 1664 τε
519 1635 584 1666 sine
598 1636 736 1667 articulo.

397 1687 430 1715 p.
447 1680 520 1709 164.
537 1689 567 1709 v.
581 1682 611 1710 4.
634 1679 732 1720 οντως]
755 1681 841 1711 Bene
857 1680 959 1716 babet,
975 1679 1074 1709 cohae-

354 1730 424 1749 rens
447 1732 514 1751 cum
538 1723 628 1764 λάχῃ.
656 1734 724 1753 nam
747 1724 839 1763 paulo
862 1728 930 1754 ante
953 1723 1075 1752 dixerat

354 1763 402 1792 οὐκ
417 1762 449 1792 ἐκ.
464 1766 514 1794 τοῦ
531 1765 710 1796 δικαιοτάτου
724 1766 827 1806 τρόπου
842 1765 991 1807 λαχόντες.
1015 1766 1073 1796 ετίῑ

353 1805 449 1845 igitur
463 1807 546 1842 ὅντως
562 1810 664 1851 λαχεῖν
678 1810 759 1839 idem
775 1815 866 1849 atque
880 1808 990 1842 δικαίως
1006 1815 1036 1838 λ.

397 1849 475 1880 ibid.
493 1861 524 1881 v.
540 1854 572 1882 5.
595 1851 778 1893 χειροτονίας]
811 1855 873 1883 Aut
890 1857 962 1891 post
982 1863 1073 1893 χειρο·

353 1891 453 1929 τονίαν,
469 1899 521 1924 aut
536 1901 606 1933 post
621 1895 707 1936 ὀρθῶς
718 1896 810 1926 deese
823 1895 966 1926 videturzi
977 1895 1072 1935 ungu}

352 1945 421 1965 nam
443 1937 589 1979 ἀναγορεύῃ
609 1948 668 1968 non
688 1939 724 1968 ad
749 1944 932 1974 senatorem,
955 1940 1012 1969 sed
1032 1937 1078 1968 ad'

352 1988 524 2017 praeconem
543 1982 682 2011 refertur.
727 1982 798 2012 Nisi
814 1983 978 2012 statuimus
993 1982 1072 2011 illud

352 2023 534 2053 vocabulum
547 2025 559 2054 ὁ
572 2025 655 2065 wipo}
668 2025 868 2056 consuevisse
884 2025 983 2055 omitti
1001 2026 1072 2055 snb-

350 2065 535 2096 audiendum
558 2069 625 2106 pari
645 2068 748 2103 modo,
771 2074 863 2108 atque
885 2068 917 2097 in
931 2068 986 2098 illa
1000 2073 1074 2098 nota

349 2108 482 2139 formula
504 2110 695 2149 ἀναγνώσεται
722 2110 750 2141 δὲ
779 2113 857 2151 ὑμῖν,
884 2111 1035 2141 omittitur
1060 2112 1072 2141 ὁ

349 2153 555 2191 γραμματεύς.

395 2205 428 2234 p.
444 2198 516 2226 165.
534 2207 562 2226 v.
581 2200 610 2227 52.
627 2196 780 2235 σεσίγηται
801 2196 856 2237 μὲν
869 2196 918 2238 τό]
942 2196 1072 2227 Praetuli

352 2237 422 2274 hoc,
432 2239 503 2278 qnia
515 2239 545 2269 in
558 2251 626 2270 voc.
641 2239 756 2280 κςίνουσι
771 2241 925 2271 clauditur
940 2241 1072 2280 protasis

351 2280 442 2319 hujus
455 2282 588 2321 periodi,
602 2284 747 2323 apodosis
760 2284 869 2324 incipit
880 2294 898 2313 a
911 2294 980 2314 voc.
993 2283 1072 2314 σεο-ι’-

350 2334 448 2361 γηται.

394 2366 471 2397 ibid.
487 2378 518 2398 v.
531 2369 562 2400 5.
586 2370 608 2398 οἱ
624 2368 759 2410 πρόεδξοι]
783 2369 941 2400 Differunt
954 2380 972 2400 a
988 2369 1070 2400 tribu

349 2411 549 2448 praesidente.
566 2412 681 2442 delecti
697 2414 776 2442 enim
790 2418 877 2443 erant
890 2413 936 2443 illi
952 2423 991 2443 ex
1002 2414 1070 2449 hac,

347 2453 441 2492 pauci
457 2465 594 2491 numero,
617 2467 656 2485 ex
672 2456 788 2496 integra
803 2467 965 2486 numerosa
977 2457 1071 2487 tribu.

391 2496 469 2527 ibid.
486 2509 515 2528 v.
535 2500 565 2528 8.
581 2497 615 2528 τό
631 2498 745 2528 δέκατον
764 2498 862 2539 μέρος]
888 2499 942 2529 Nil
968 2510 1069 2530 causae

349 2539 452 2576 video,
474 2551 529 2570 cur
544 2542 609 2571 haec
625 2543 720 2572 verba
735 2542 875 2572 AEschini
891 2543 1071 2582 abjudicen-

348 2588 410 2619 tur,
427 2588 480 2613 aut
502 2585 679 2624 eripiantur.
704 2595 802 2625 neque
825 2586 904 2615 enim
920 2591 1023 2616 carent
1038 2586 1069 2616 vi

348 2626 408 2656 hoc
427 2626 510 2664 loco,
531 2629 585 2657 sed
603 2639 639 2658 eo
656 2628 819 2668 pertinent,
835 2634 869 2658 ut
884 2629 1070 2667 magnitudi-

348 2679 416 2699 nem
433 2671 568 2700 audaciae
584 2672 794 2702 demonstrent
809 2682 849 2701 ex
862 2672 1072 2711 magnitudine

347 2712 566 2751 multitudinis,
583 2725 650 2753 quae
667 2715 865 2745 nihilominus
877 2714 961 2745 illam
978 2716 1071 2745 auda-

347 2755 426 2785 ciam
452 2757 531 2787 haud
561 2759 636 2788 satis
664 2759 782 2788 valeret
805 2768 1012 2797 compescere.
1041 2769 1071 2789 v.

348 2799 509 2830 Demosth.
535 2811 564 2831 κ.
588 2801 666 2831 Μειδ.
690 2801 716 2840 §.
732 2800 787 2843 λζ’.
809 2811 840 2840 p.
866 2803 917 2832 86.
944 2812 975 2832 v.
1000 2811 1071 2840 pen.

348 2842 411 2871 vol.
424 2843 468 2872 11.

392 2885 417 2923 §
445 2884 484 2923 γ’.
507 2897 539 2925 p.
566 2886 638 2919 165.
661 2899 691 2918 v.
715 2890 765 2917 11.
793 2886 874 2927 ὑμεῖς
897 2886 1068 2928 senape]

348 2927 411 2957 Aut
440 2933 508 2959 ante
538 2931 632 2969 ὑμεις,
669 2935 720 2961 aut
749 2936 818 2960 ante
850 2928 1069 2970 ὑπολαμζάνετε

351 2969 474 3001 videtur
494 2972 553 3002 οὐδὲ
573 2974 693 3004 deesse.
726 2975 802 3004 Tam
824 2973 890 3004 dira
911 2978 983 3003 sunt
1004 2975 1068 3003 haec

351 3013 429 3052 ieip.
446 3018 595 3054 tempore,
611 3021 645 3048 nt
660 3027 728 3053 νοῦ,
742 3016 865 3049 tametsi
881 3017 958 3048 male
978 3017 1016 3047 de
1032 3026 1068 3046 ea

1111 1205 1253 1244 speretis,
1269 1205 1404 1235 nondum
1418 1209 1519 1236 tamen
1533 1203 1608 1235 satis
1624 1214 1731 1236 eorum
1753 1204 1828 1236 diri-

1110 1253 1202 1278 tatem
1217 1248 1393 1287 suspicione
1405 1248 1642 1288 consequamini.

1152 1292 1230 1321 ibid.
1247 1302 1277 1321 v.
1290 1302 1361 1331 pen.
1375 1292 1455 1333 τισι]
1479 1293 1563 1322 Bene
1579 1292 1680 1322 habet.
1725 1291 1827 1321 Certis

1110 1334 1292 1373 quibusdam
1308 1335 1495 1372 hominibus,
1510 1345 1587 1374 quos
1604 1345 1671 1365 cum
1690 1345 1745 1364 vos
1760 1344 1826 1364 om-

1109 1387 1164 1406 nes
1189 1378 1266 1407 bene
1290 1378 1409 1415 noritis,
1438 1378 1595 1409 nominare
1621 1388 1754 1418 parcam.
1784 1378 1829 1408 in-

1109 1420 1228 1450 vidiose
1243 1420 1372 1450 dictum.

1150 1463 1226 1493 ibid.
1242 1463 1320 1504 ἴστε]
1345 1465 1461 1494 Locum
1472 1465 1552 1494 hunc
1567 1473 1754 1494 communem
1764 1464 1829 1505 jam

1108 1505 1196 1536 initio
1213 1506 1358 1537 orationis
1374 1507 1405 1536 in
1419 1508 1570 1537 Timarch.
1585 1506 1740 1537 tractavit.

1153 1560 1186 1589 p.
1204 1551 1277 1580 167.
1299 1559 1329 1579 v.
1354 1552 1386 1580 4.
1413 1551 1490 1581 τήνδε
1518 1551 1567 1582 τὴν
1582 1549 1701 1591 ἧμέξαν]
1739 1550 1827 1579 Idem

1110 1599 1158 1622 est
1173 1603 1209 1622 ac
1225 1592 1252 1623 si
1268 1592 1402 1623 dixisset
1413 1593 1451 1628 εἷς
1465 1594 1544 1625 τήνδε
1559 1605 1589 1624 τ.
1603 1595 1628 1624 ἦ.
1642 1593 1767 1634 praetuli
1783 1598 1828 1622 ta-

1107 1646 1176 1666 men
1191 1637 1260 1667 boc.

1150 1678 1177 1719 ᾗ.
1191 1679 1223 1709 δ’.
1248 1690 1279 1719 p.
1302 1681 1376 1711 16⁷.
1393 1691 1424 1711 v.
1441 1684 1581 1720 antepen.
1605 1678 1654 1710 ἐπὶ
1677 1680 1732 1709 τῶν
1758 1676 1828 1709 ἰδίων

1107 1720 1205 1763 ἕξγων]
1229 1723 1337 1754 Malim
1353 1722 1470 1754 ἕκαστοι
1485 1724 1568 1754 addi.

1151 1776 1183 1805 p.
1199 1768 1270 1798 163.
1288 1778 1318 1797 v.
1333 1768 1364 1797 3.
1387 1765 1431 1806 τῷ
1451 1765 1540 1809 νόμῳ]
1564 1767 1635 1798 Non
1658 1766 1825 1796 condemno
1868 1771 1871 1775 ’
1914 1754 1916 1775 3

1108 1809 1168 1843 τοῖς
1187 1808 1289 1849 νόμοις,
1305 1810 1386 1848 quod
1413 1810 1538 1840 codices
1561 1810 1711 1850 praebent,
1725 1813 1826 1848 potest

1107 1857 1208 1881 tamen
1224 1854 1349 1892 vulgata
1362 1854 1439 1882 bene
1452 1856 1545 1883 stare.
1580 1852 1668 1892 Legi,
1681 1852 1712 1881 h.
1725 1863 1752 1883 e.
1769 1852 1826 1882 toti

1108 1895 1230 1934 corpori
1257 1895 1336 1934 juris
1367 1895 1475 1931 Attici,
1511 1895 1611 1925 literis
1641 1895 1824 1934 consignati.

1104 1939 1168 1968 Aut
1179 1939 1283 1969 nescio
1299 1949 1337 1969 an
1353 1938 1556 1979 specialiter‘
1544 1951 1557 1968 ο
1572 1938 1634 1980 περὶ
1657 1940 1711 1968 τῶν
1733 1939 1826 1968 {awen-

1105 1980 1192 2011 θύνῶν
1205 1979 1287 2021 νόμος
1300 1982 1351 2012 hic
1367 1981 1556 2021 designetur,
1576 1992 1636 2020 quo
1659 1981 1750 2011 titulo
1774 1982 1825 2011 hic

1105 2025 1268 2055 AEschines
1285 2030 1390 2055 contra
1412 2025 1642 2065 Ctesiphontem
1664 2024 1738 2064 agit.
1761 2025 1825 2056 vid.

1107 2078 1136 2098 v.
1151 2069 1181 2098 9.

1150 2110 1175 2150 ᾗ.
1188 2110 1211 2141 ε’.
1230 2123 1259 2152 p.
1277 2113 1350 2142 168.
1368 2122 1399 2142 v.
1422 2113 1474 2142 20.
1496 2109 1586 2151 ὄντες]
1610 2112 1696 2141 Bene
1723 2111 1825 2141 habet.

1106 2154 1192 2184 Idem
1211 2161 1258 2184 est
1279 2165 1315 2185 ac
1338 2155 1364 2185 si
1386 2155 1521 2185 dixisset
1547 2152 1790 2205 ἐξελεγχόμενοι·
1779 2152 1824 2184 ότι

1106 2196 1161 2226 εἶσι
1183 2196 1329 2228 κλέπται.
1353 2197 1482 2237 perinde
1505 2202 1564 2234 est,
1586 2201 1687 2227 utrum
1712 2195 1760 2227 ἐπ’
1773 2196 1825 2227 αὖ·

1106 2241 1219 2281 τοφώρῳ
1235 2242 1273 2271 ad
1286 2240 1513 2282 ἐξελεγχόμενοι,
1529 2251 1566 2271 an
1581 2241 1620 2271 ad
1631 2238 1759 2271 κλέπται
1775 2250 1823 2270 re-

1105 2284 1197 2313 feras.

1148 2326 1174 2365 §.
1191 2326 1228 2361 ς’.
1250 2337 1282 2367 p.
1298 2329 1372 2358 169.
1390 2337 1420 2357 v.
1432 2329 1463 2357 4.
1489 2325 1533 2368 δὲ]
1556 2326 1665 2357 Malim
1682 2325 1724 2356 δή.

1147 2370 1222 2400 ibid.
1234 2381 1266 2401 v.
1279 2373 1329 2400 10.
1341 2369 1411 2410 μὲν]
1427 2370 1513 2400 Huic
1525 2370 1685 2410 particulae
1697 2379 1825 2408 respon-

1105 2411 1157 2442 det
1173 2412 1202 2443 δὲ
1219 2423 1309 2444 versu
1325 2415 1378 2444 18.
1402 2415 1554 2452 Κτησιφῶν
1570 2412 1598 2443 δὲ
1613 2430 1656 2436 —-
1670 2413 1761 2443 Unde
1771 2422 1826 2452 pa-

1104 2459 1160 2491 tet,
1181 2466 1237 2495 pro
1253 2456 1386 2487 articulo
1408 2457 1430 2487 οἱ
1453 2456 1666 2497 praepositivo,
1689 2456 1825 2486 scriben-

1104 2499 1177 2529 dum
1189 2509 1258 2529 esse
1273 2499 1517 2539 postpositivum
1532 2498 1560 2528 οἳ
1569 2499 1632 2539 qui.

1147 2542 1224 2572 ibid.
1239 2553 1269 2574 v.
1286 2546 1339 2573 11.
1353 2541 1419 2584 ἐπὶ]
1442 2542 1645 2582 Expunxerat
1657 2542 1734 2571 hanc
1745 2552 1823 2580 prae-

1102 2585 1286 2625 positionem
1314 2586 1414 2616 Wolf.
1448 2586 1517 2624 Ego
1542 2584 1699 2614 revocavi.
1736 2584 1824 2614 Reli-

1103 2629 1189 2667 quias
1205 2629 1285 2659 enim
1301 2628 1333 2658 in
1346 2639 1383 2659 eo
1392 2628 1467 2657 mihi
1481 2637 1605 2657 cernere
1617 2628 1724 2658 videar
1736 2627 1823 2657 verbi

1107 2670 1268 2711 ἐπικουρεῖν,
1290 2676 1322 2701 et
1343 2672 1388 2701 sic
1401 2670 1544 2710 primitus
1563 2670 1711 2710 scriptum
1727 2671 1822 2700 fuisse

1107 2715 1246 2753 suspicor
1259 2715 1282 2744 εἰ
1298 2714 1327 2745 δή
1340 2713 1385 2747 τίς
1402 2713 1468 2744 ἐστι
1482 2712 1598 2754 μέτριος
1613 2713 1759 2753 ἐπικουρῶν
1770 2715 1824 2743 τῶν

1106 2757 1160 2787 τινὶ
1188 2756 1228 2787 τὰ
1257 2757 1408 2798 παράνομοι
1437 2756 1605 2798 γραφόντων.
1653 2756 1687 2787 Si
1712 2767 1822 2796 nempe

1105 2801 1263 2830 modestus
1280 2801 1334 2830 ille
1346 2805 1404 2836 est,
1420 2801 1473 2839 qui
1483 2809 1608 2841 operam
1617 2804 1712 2829 navet
1723 2800 1822 2829 feren-

1106 2843 1129 2872 ti
1145 2844 1232 2882 leges
1250 2843 1461 2874 constitutioni
1480 2843 1560 2883 reip.
1578 2847 1690 2873 nostrae
1713 2843 1822 2873 adver-

1105 2891 1218 2917 santes.

1146 2929 1221 2960 ibid.
1240 2941 1269 2959 v.
1288 2932 1339 2961 14.
1357 2942 1393 2959 το
1404 2930 1476 2972 ι’σον]
1498 2929 1635 2960 Subaudi
1664 2928 1766 2968 ὥσπερ
1790 2926 1821 2957 ὲν

1103 2972 1125 3002 εἶ
1139 2985 1182 3013 μη
1198 2973 1442 3014 προσεγέγραπτο.

1145 3016 1172 3055 §-
1185 3015 1219 3056 ζ’·
1241 3026 1274 3056 p
1293 3019 1366 3048 169.
1382 3028 1413 3049 v.
1429 3020 1570 3057 antepen.
1593 3013 1682 3056 ἔτεςόν
1697 3025 1759 3045 τινα
1775 3011 1820 3042 λό
