1981 3322
543 203 626 244 DE
658 200 943 244 AESCHINE
976 201 1283 244 ORATORE‚
1577 202 1650 243 xxi

183 318 260 362 σιφ.
287 317 318 362 ξ.
344 310 401 356 ξεί.
422 308 507 358 fin.)
526 322 597 347 nec
626 308 812 355 Miltiadi,
835 321 908 346 nec
928 308 1203 354 Themistocli,
1233 321 1306 345 nec
1329 307 1492 345 Aristidi
1522 307 1655 347 aliisve

182 372 295 411 claris
313 372 402 410 viris
422 385 444 410 a
474 371 688 422 majoribus
716 371 767 408 ob
797 371 976 409 virtutem
1008 377 1048 408 et
1079 369 1275 408 beneficia
1302 369 1341 407 in
1372 370 1653 420 rempublicam

183 434 382 472 decretam
403 448 486 472 esse
506 446 661 472 auream
682 445 880 470 coronam.
936 432 1056 477 Tum,
1079 445 1150 470 cur
1167 432 1205 469 id
1222 445 1301 469 non
1318 431 1367 469 sit
1388 431 1549 476 factum,
1568 445 1656 469 sen-

185 497 304 535 tentia
320 496 475 535 sublimi
494 501 532 533 et
548 494 667 545 digna
683 494 858 533 sensibus
874 494 1069 545 factisque
1091 494 1244 531 illorum
1261 493 1427 530 virorum
1446 493 1499 530 ita
1516 493 1655 530 docet:

185 561 228 596 οὒ
257 560 333 610 γὰρ
353 558 465 611 ᾤοντο
493 557 568 595 δεῖν
598 557 639 595 ἐν
659 562 736 599 τοῖς
758 557 958 608 γράμμασι
976 559 1170 608 τιμᾶσθαι,
1193 558 1279 593 ἀλλ’
1299 559 1340 592 ἓν
1361 557 1407 607 τῇ
1435 557 1565 609 μνήμῃ
1584 561 1658 592 τῶν

184 619 224 658 εὖ
243 622 453 665 παθόντων,
480 622 502 665 ἢ
527 619 591 656 ἀπ’
610 619 749 657 ἐκείνου
775 624 839 658 τοῦ
871 620 1014 670 χρόνον
1033 622 1147 670 μέχρι
1167 617 1274 664 τῆςόε
1301 627 1367 663 τῆς
1394 619 1535 669 ἡμέρας
1565 617 1657 655 α’θά·

186 699 297 726 νατος
315 680 410 720 οὖσα
430 681 606 732 διαμένει.

773 801 946 843 SECT.
980 800 1066 842 IV.

708 908 776 946 De
796 909 909 959 copia
930 906 1136 945 orationis.

238 1003 299 1040 De
320 1002 435 1053 copia
453 1002 656 1049 orationis,
679 1017 769 1055 quae
790 1009 829 1041 et
856 1002 1062 1040 verborum
1091 1007 1151 1039 est
1172 1007 1212 1039 et
1231 1015 1371 1047 rerum,
1390 1002 1475 1051 jam
1501 1014 1659 1052 separa-

183 1064 254 1102 tim
285 1064 443 1102 videtur
473 1065 682 1114 agendum.
731 1064 810 1103 Sed
842 1064 1051 1102 verborum
1083 1063 1199 1114 copia
1233 1077 1254 1101 e
1288 1063 1445 1102 duobus
1484 1063 1659 1101 fontibus

183 1131 402 1177 promanat,
430 1126 616 1165 varietate
649 1133 688 1164 et
721 1126 963 1165 dilatatione.
1020 1126 1078 1163 Ex
1108 1125 1295 1164 varietate
1330 1125 1541 1163 verborum
1577 1131 1658 1162 tum

182 1187 326 1234 existit,
356 1199 446 1226 cum
478 1187 613 1225 eadem
645 1201 705 1226 res
741 1188 919 1239 pluribus
957 1187 1086 1226 verbis
1122 1186 1378 1239 significatur.
1436 1187 1499 1225 Fit
1527 1193 1657 1225 autem

181 1249 272 1296 hoc,
290 1249 352 1288 vel
366 1249 494 1288 verbis
511 1250 735 1302 synonymis
751 1251 959 1302 ponendis,
974 1256 1015 1288 ut
1031 1250 1106 1289 hoc
1122 1250 1161 1288 in
1177 1250 1266 1288 loco
1281 1263 1290 1288 ε
1313 1253 1368 1300 (κ.
1386 1249 1549 1303 Κτησιφ.
1571 1255 1602 1299 ξ.
1618 1249 1662 1288 θ’.

180 1316 273 1362 post
291 1311 410 1360 med.)
429 1313 632 1351 α’νεύθυνον
652 1312 689 1351 δὲ
716 1315 777 1351 καὶ
805 1315 984 1359 ἀζήτητον
1006 1314 1065 1350 καὶ
1084 1314 1330 1359 ἀνεξέταστον
1355 1312 1460 1350 οὐδέν
1480 1313 1559 1350 ἐστι
1587 1318 1662 1350 τῶν

179 1374 221 1412 ἐν
241 1376 286 1428 τῇ
305 1376 426 1414 πόλει.
447 1375 522 1420 vel,
551 1375 583 1412 si
609 1375 781 1427 propriis
806 1376 1026 1427 jungantur
1053 1375 1239 1414 translata
1267 1377 1316 1423 (κ.
1339 1374 1510 1426 Τιμάρχ.
1533 1382 1563 1426 §-
1591 1376 1663 1423 κέ.)

178 1436 281 1487 ὑμᾶς
299 1452 337 1474 τε
357 1435 569 1489 βούλοίμην
599 1439 648 1476 ἂν
675 1440 847 1485 α’κοῦσαι,
869 1437 926 1482 οἷς
954 1439 1029 1487 ἐγὼ
1049 1441 1179 1490 μέλλω
1204 1439 1343 1486 λέγειν,
1372 1440 1433 1474 καὶ
1462 1439 1665 1488 προσέχειν

178 1499 245 1538 τὸν
283 1504 373 1538 νοῦν
407 1502 466 1538 καὶ
498 1500 799 1552 παρακολουθεῖν
835 1503 1017 1553 εὐμαθῶς.
1077 1500 1274 1538 Dilatatur
1307 1513 1424 1551 porro
1460 1500 1598 1546 oratio,
1632 1499 1664 1537 Si

178 1561 316 1599 eadem
337 1562 446 1600 notio
461 1575 534 1613 per
551 1569 682 1613 partes
703 1564 949 1613 proponitur,
967 1563 999 1601 si
1017 1576 1088 1613 pro
1112 1563 1269 1600 nomine
1290 1562 1450 1613 ponitur
1469 1561 1662 1608 definitio,

184 1622 216 1660 si
236 1635 358 1673 genus
376 1629 416 1661 et
435 1624 586 1674 species
599 1623 835 1675 junguntur,
850 1624 882 1663 si
903 1624 1045 1663 aiendo
1062 1624 1323 1675 negandoque
1340 1624 1543 1663 docemus.
1589 1624 1666 1662 Per

182 1691 312 1734 partes
333 1685 516 1722 tractavit
537 1686 737 1723 notionem
760 1686 916 1724 honesti
933 1686 1003 1724 viri
1026 1687 1102 1724 hoc
1121 1687 1239 1724 modo
1256 1700 1264 1724 :
1284 1689 1331 1734 (κ.
1348 1686 1518 1740 Τιμάρχ.
1536 1692 1568 1736 ξ.
1585 1686 1667 1735 κέ.)

183 1745 275 1792 αὕτη
293 1749 368 1796 μέν
386 1746 502 1794 ἐστιν,
521 1743 550 1784 ὦ
568 1747 756 1799 Τίμαρχε,
773 1749 967 1798 ἀπολογία
984 1748 1122 1800 ἀνδρὸς
1141 1747 1295 1797 α’γαὲοὗ
1317 1749 1377 1785 καὶ
1397 1749 1588 1800 σώφρονος
1607 1750 1667 1785 καὶ

182 1809 468 1852 πεπιστευκότος
488 1811 536 1861 τῷ
557 1807 629 1862 βίῳ
642 1811 702 1847 καὶ
722 1818 1044 1863 καταφρονοῦντος
1064 1812 1214 1854 εἰκότως
1227 1811 1381 1857 ἁπάσης
1397 1809 1665 1862 βλασφημίας.

183 1870 260 1908 Pro
289 1870 459 1915 κολάζετε
482 1872 570 1915 τοὺς
595 1878 911 1924 παρανομοῦντας
943 1878 981 1911 et
1010 1873 1099 1912 loco
1129 1873 1241 1911 unius
1274 1873 1382 1912 verbi
1411 1873 1664 1912 democratiae

182 1933 504 1972 commemoravit
523 1940 679 1984 partes:
700 1937 749 1983 (κ.
769 1935 933 1988 Κτησιφ.
959 1943 990 1986 ξ.
1011 1935 1070 1986 δ’.)
1091 1939 1209 1982 λύετε,
1230 1933 1258 1974 ὦ
1275 1937 1488 1986 Ἀθηναῖοι,
1509 1937 1667 1979 τὰς”πα-

181 1997 370 2048 ρανόμους
392 1998 562 2048 γνώμας,
585 1995 789 2045 βεβαιοῦτε
816 2002 860 2053 τῇ
881 2002 991 2037 πόλει
1010 2002 1078 2044 τὴν
1099 1999 1364 2051 δημοκρατίαν,
1385 1999 1558 2043 κολάζετε
1579 2000 1667 2042 τοὺς

184 2059 416 2102 ὑπεναντίως
435 2061 484 2111 τῷ
506 2061 603 2111 νόμῳ
624 2061 684 2097 καὶ
703 2063 747 2115 τῇ
772 2062 880 2098 πόλει
905 2063 964 2099 καὶ
988 2065 1038 2113 τῷ
1060 2064 1285 2113 συμφέροντι
1309 2064 1358 2113 τῷ
1380 2062 1540 2113 ὑμετέρῳ
1560 2065 1667 2099 πολι-

184 2121 419 2172 τευομένους.
478 2120 719 2160 Gloriam'et
747 2122 926 2173 pericula
945 2123 1056 2161 adire
1084 2123 1140 2161 sic
1162 2123 1400 2174 descripsit:
1431 2126 1476 2172 (κ.
1498 2123 1663 2176 Κτησιφ.

183 2181 217 2226 ξ.
233 2182 293 2231 ξ’.)
311 2187 380 2221 νῦν
401 2182 437 2220 δὲ
457 2181 563 2234 οἶμαι
584 2182 643 2220 διὰ
661 2183 702 2221 τὸ
724 2184 884 2224 σπάνιον
903 2187 963 2222 καὶ
983 2187 1023 2223 τὸ
1043 2189 1302 2238 περιμάχητον
1324 2186 1385 2222 καὶ
1403 2185 1444 2223 τὸ
1467 2186 1584 2223 καλὸν
1606 2188 1665 2223 καὶ

182 2244 224 2282 τὸ
246 2244 473 2296 ἀείμνηστον
490 2246 531 2282 ἐκ
549 2251 614 2290 τῆς
633 2245 737 2293 νίκης
755 2245 930 2285 ἐθέλουσί
949 2264 1047 2291 τινες
1066 2250 1113 2286 τὰ
1134 2249 1293 2299 σώματα
1312 2246 1666 2299 παρακαταθέμενοι

184 2306 246 2343 καὶ
277 2308 350 2350 τᾶς
382 2310 569 2359 μεγίστας
604 2310 866 2361 ταλαιπωρίας
895 2311 1166 2362 ὑπομείναντες
1197 2309 1496 2348 διακινδυνεύειν.
1555 2310 1665 2347 Loco

183 2367 482 2420 ἐπιτηδευμάτων
511 2369 611 2407 dixit
646 2368 750 2418 βίον,
783 2373 918 2420 λόγον,
949 2376 1112 2424 πράξεις.
1144 2375 1194 2425 τῷ
1229 2372 1369 2419 ἀληὲεἶ
1405 2371 1587 2421 adenxit
1623 2372 1665 2410 τὸ

185 2430 362 2481 ἀψευδὲς,
392 2436 432 2470 et
462 2436 513 2484 τῷ
546 2432 712 2483 ε’ναργεῖ,
741 2433 782 2472 τὸ
813 2437 855 2472 οὒ
886 2439 1172 2487 πεπλασμένον,
1205 2441 1244 2473 et
1275 2435 1377 2474 hanc
1408 2435 1663 2473 sententiam:

184 2491 304 2531 Fama
333 2492 535 2531 hominum
560 2493 664 2532 sacta
685 2495 874 2541 celebrat,
896 2497 1095 2548 eleganter
1121 2504 1161 2536 et
1189 2498 1350 2548 copiose
1381 2497 1506 2536 tribus
1538 2497 1664 2534 modis

185 2554 400 2604 expressit:
423 2557 470 2604 (κ.
487 2555 659 2608 Τιμάρχ.
680 2564 711 2607 ξ.
733 2557 815 2605 κζ’.)
835 2561 915 2610 περὶ
946 2559 983 2597 δὲ
1002 2560 1067 2597 τὸν
1087 2567 1161 2598 τῶν
1180 2559 1392 2611 ἀνθρώπων
1411 2559 1502 2607 βίον
1523 2561 1582 2596 καὶ
1602 2562 1665 2598 λό-

186 2632 259 2664 γον
280 2617 340 2653 καὶ
359 2619 429 2660 τᾶς
445 2618 594 2668 πράξεις
614 2620 757 2666 ἀληθής
776 2636 814 2658 τε
841 2623 901 2658 καὶ
922 2622 1087 2670 ἀψευδής
1113 2639 1170 2665 τις
1200 2622 1275 2660 ἀπὸ
1303 2621 1540 2672 ταυτομάτου
1564 2625 1664 2659 πλα-

185 2683 297 2716 νᾶται
315 2680 416 2731 φήμη
436 2683 532 2717 κατεῖ
551 2683 620 2727 τὴν
638 2683 751 2719 πόλιν
767 2685 825 2720 καὶ
841 2683 1064 2732 διαγγέλλει
1086 2690 1165 2728 τοῖς
1184 2687 1343 2726 πολλοῖς
1364 2686 1431 2726 τᾶς
1454 2683 1550 2727 iffae
1570 2685 1666 2736 πρά·

185 2742 271 2786 ξεις,
291 2743 422 2778 πολλαὶ
441 2740 478 2780 δὲ
505 2745 566 2780 καὶ
587 2744 811 2793 μαντεῦεται
831 2746 914 2797 περὶ
935 2753 1008 2784 τῶν
1027 2747 1251 2797 μελλόντων
1270 2744 1439 2792 ἔσεσθαι,
1464 2748 1524 2783 καὶ
1549 2748 1665 2791 οὕτως

187 2800 346 2852 ἐναργές
373 2803 452 2842 ἐστι
479 2806 539 2843 καὶ
565 2807 606 2843 οὐ
637 2809 920 2859 πεπλασμένον,
949 2809 968 2846 ὃ
994 2811 1096 2858 λέγω
1117 2815 1194 2847 etc.
1214 2822 1350 2846 rursus
1380 2809 1664 2860 turpitudinem

186 2860 387 2902 Timarchi
402 2865 457 2904 ita
476 2867 588 2915 texit,
603 2873 649 2906 ut
668 2882 740 2919 pro
760 2868 994 2921 flagitiorum
1012 2871 1170 2908 nomine
1186 2877 1354 2921 poneret
1372 2871 1639 2910 definitionem
1655 2886 1663 2910 ε

187 2925 235 2973 (κ.
252 2924 419 2978 Τιμάρχ.
435 2936 467 2980 ξ.
483 2929 539 2980 α’.)
560 2929 664 2974 εἰδὼς
681 2930 717 2969 δὲ
740 2932 854 2971 αὐτὸν
873 2932 1008 2984 ἔνοχον
1028 2934 1133 2980 ὄντα,
1150 2932 1207 2976 οἷς
1227 2934 1346 2986 ὀλίγῳ
1366 2936 1541 2985 πρότερον
1559 2935 1665 2980 ἠκού-

193 3001 283 3025 σατε
303 2988 630 3037 ἀναγινώσκοντος
651 2997 714 3032 τοῦ
734 2997 1001 3047 γραμματέως.
1059 2996 1174 3047 Item,
1196 3009 1286 3034 cum
1309 2996 1587 3035 Demosthenis
1609 2997 1666 3035 in-
