1932 3322
353 176 440 219 AD
473 175 571 218 OR.
601 174 793 218 AESCH.
826 171 948 215 PRO
981 172 1099 214 SUA
1131 173 1342 215 LEGAT.

119 276 288 308 unoquoque
299 268 407 308 populo
418 266 490 309 (aut
511 265 632 309 genere)
644 276 774 298 mearum
788 276 832 297 so·

118 314 232 342 ciorum
250 310 322 341 huic
337 312 506 342 caerimoniae
525 310 743 352 interjizerunt,
759 310 831 340 scri-

115 355 164 394 psi
185 355 371 391 nominatim,
391 361 419 385 et
442 356 528 394 ipsos,
543 360 571 384 et
594 354 738 389 civitates,
752 354 833 383 unde

117 398 197 427 missi
208 398 360 428 venissent.

160 440 187 480 ᾗ.
203 441 252 470 λά.
275 451 308 480 p.
324 443 396 471 134.
421 451 451 471 v.
466 440 522 470 ult.
546 439 744 481 δημοκήρυκες]
770 439 832 469 Vo-

116 483 184 513 lunt
213 484 273 513 hoc
303 484 487 514 vocabulum
514 493 555 513 ex
584 482 832 522 Harpocratione

116 526 283 566 corrigere.
308 527 376 565 Ego
391 532 499 556 contra
520 536 631 556 censeo
655 526 832 565 Harpocra-

115 569 228 600 tionem
244 580 261 599 e
276 569 392 599 Nostro
415 569 630 609 corrigendum
654 579 733 600 esse.
773 571 833 600 Ec-

115 622 184 651 quae
200 612 280 642 enim
296 612 409 642 existet
426 613 581 642 sententia
603 624 621 643 e
640 613 791 643 vocabulo
814 623 832 643 e

116 653 214 694 δρόμος
230 659 262 685 et
275 654 358 695 κῆρυξ
371 655 564 694 composito?
581 666 653 685 num
669 658 745 687 citus
758 666 832 696 prae-

114 699 171 727 co?
185 697 345 727 tolerabile
362 698 422 728 hoc
437 699 490 735 sit,
505 699 590 737 quasi
605 699 656 729 alii
672 710 832 738 praecones

112 740 333 770 fuerintlenti?
356 742 471 771 Verum
484 752 579 780 praeco
590 744 703 782 populi,
717 743 754 772 ab
772 752 830 773 uno

114 784 231 823 populo
247 784 285 813 ad
302 784 430 814 alterum
441 785 584 814 mandata
599 787 767 824 perferens,
780 797 830 816 ec-

114 837 206 866 quem
229 827 386 857 offendat?
411 828 503 859 Parui
528 832 630 858 tamen
652 829 831 860 auctoritati

113 870 349 910 chrysococcae.

155 924 188 953 p.
216 915 290 962 135.
313 924 344 944 v.
370 915 400 943 6.
425 912 459 944 τὸ
481 915 537 955 γᾶς
562 914 649 955 αὐτὸ]
671 914 832 956 Significat

111 966 286 996 pecuniam.

154 999 234 1030 ibid.
254 1010 286 1030 v.
312 1002 363 1030 11.
386 999 494 1041 τςίτον]
522 998 609 1042 Τρίτη
631 1001 722 1032 Harl.
747 1003 831 1042 quod

113 1053 183 1072 cum
204 1043 419 1082 praetufissem,
441 1045 523 1073 sactu
539 1044 570 1074 id
588 1055 710 1083 quoque
726 1055 832 1075 ueces-

113 1086 227 1116 sarium
243 1086 314 1121 fuit,
336 1091 370 1116 ut
393 1097 424 1116 V.
441 1089 494 1117 13.
517 1098 573 1127 pro
595 1087 734 1128 τέταρτον
756 1088 831 1118 item

111 1134 314 1159 restaurarem
330 1130 467 1169 τετάςτη,
485 1130 611 1159 tametsi
632 1131 706 1159 nihil
733 1131 778 1161 ibi
801 1133 832 1162 in

111 1173 237 1203 schedis
251 1172 375 1212 Taylori
391 1176 568 1202 annotatum
583 1175 762 1211 reperirem.

155 1215 232 1245 ibid.
257 1226 288 1245 v.
312 1216 364 1245 2⁶2.
387 1215 552 1256 τριάκοντα]
583 1216 645 1253 Qui
678 1216 832 1255 stipendia

111 1258 238 1298 triginta
254 1262 286 1287 et
302 1257 447 1297 pauciora
463 1259 621 1294 fecissent,
639 1259 778 1289 exclusis
792 1260 830 1289 il-

110 1301 163 1338 lis,
187 1301 240 1341 qui
262 1300 386 1341 triginta
405 1302 570 1340 stipendiis
593 1301 682 1340 plura
702 1303 832 1333 meruis-

112 1349 192 1381 sent,
207 1344 340 1374 nondum
356 1348 457 1374 tamen
479 1355 518 1374 ex
536 1346 622 1375 annis
638 1344 754 1375 militiae
775 1357 830 1376 ex-

111 1384 290 1418 cessissent.
334 1387 388 1418 Nil
417 1388 498 1418 enim
524 1388 617 1418 video
641 1399 752 1425 causae,
776 1400 832 1419 cur

109 1441 170 1461 nou
181 1431 325 1461 licuisset
339 1431 578 1461 Atheniensibus
591 1432 628 1461 ad
638 1436 738 1462 certas
750 1433 831 1462 mili-

111 1474 172 1504 tias
190 1485 247 1504 seu
261 1474 478 1514 expeditiones
494 1474 643 1504 militares
659 1481 761 1505 certos
774 1476 831 1505 mi-

110 1517 198 1548 litum
225 1517 349 1548 ordines
387 1518 544 1557 delegare,
581 1518 718 1548 exclusis
751 1519 830 1550 aliis.

111 1560 266 1591 Videntur
282 1565 384 1590 autem
398 1561 514 1591 diversi
530 1561 655 1591 ordines
669 1562 764 1592 fuisse
778 1565 833 1593 τῶν

110 1602 202 1645 μέχρι
221 1602 300 1640 δέκα,
322 1609 354 1634 et
373 1606 429 1634 τῶν
449 1603 541 1656 μέχρι
564 1605 662 1640 εἴκοσι,
684 1605 759 1635 item
777 1608 832 1635 τῶν

109 1658 202 1688 μξχξί
216 1647 377 1687 Τξίάκοντα,
391 1654 422 1678 el,
433 1650 486 1677 Τῶν
498 1659 590 1688 μξχξῑ
603 1649 830 1689 TETToepn'tu-ovra..

111 1690 232 1720 Horum
250 1690 390 1720 ordinum
403 1692 495 1721 modo
507 1701 580 1728 uno,
592 1692 684 1722 modo
699 1693 831 1730 duobus,

110 1734 203 1763 modo
231 1734 344 1769 tribus,
369 1735 461 1764 modo
488 1715 628 1765 omnibus
654 1736 831 1773 utebantur,

112 1781 205 1816 prout
219 1776 272 1812 res
282 1778 388 1807 ferret.

153 1820 230 1850 ibid.
247 1831 278 1850 v.
292 1821 349 1850 ult.
362 1819 597 1860 μυστηξιῶτιδας
606 1821 752 1863 σπονδὰς]
769 1822 831 1861 Qui

108 1873 166 1902 per
176 1874 280 1893 omues
294 1864 423 1893 Graeciae
437 1863 582 1893 civitates
598 1865 832 1902 denunciarent,

110 1913 144 1936 ut
155 1906 268 1936 itinera
282 1917 338 1945 per
353 1907 505 1936 Graeciam
523 1907 660 1936 Athenas
675 1918 731 1947 per
746 1918 830 1938 men-

111 1960 175 1980 sem
187 1954 258 1980 ante
273 1949 432 1989 mysteria,
447 1950 498 1981 vel
515 1960 603 1980 sacra
615 1950 784 1987 Eleusinia,
799 1956 831 1981 et

109 2002 246 2023 mensem
269 1997 350 2032 post,
365 1996 432 2022 tuta
453 1998 484 2023 et
505 1997 615 2031 pacata
632 1993 733 2023 cuivis
755 1993 829 2023 illuc

111 2041 334 2072 commeatum,
349 2037 515 2066 domumve
527 2041 700 2065 remeaturo
714 2042 829 2073 essent,

110 2089 172 2117 quo
188 2089 222 2108 se
238 2079 383 2118 quisque,
405 2078 460 2118 qui
477 2078 583 2114 vellet,
606 2079 741 2108 Athenas
756 2090 829 2109 con-

111 2121 204 2152 ferret
219 2122 315 2151 sacris
331 2121 453 2152 Cereris
468 2121 663 2152 initiandum.

153 2175 185 2204 p.
203 2167 276 2197 136.
294 2176 325 2194 v.
339 2166 370 2195 5.
387 2166 430 2204 μὴ
446 2163 642 2205 ωαςάῦτοῖς]
667 2164 775 2194 Malim
787 2166 830 2205 μὴ

111 2207 262 2248 παρούσης.
294 2208 408 2247 Spartae
434 2217 461 2237 se
477 2208 610 2249 fraudes
633 2214 773 2245 metuere,
788 2214 831 2238 et-

110 2252 194 2281 iamsi
208 2262 266 2281 ⁷:072
279 2251 441 2290 praesentis.
457 2252 511 2286 τὰ,
529 2251 612 2290 quod
628 2251 721 2281 Wolf
734 2251 830 2281 intru-

112 2299 205 2330 serat,
231 2294 350 2334 expuli.
385 2293 517 2333 Vulgata
544 2294 570 2324 si
595 2300 746 2329 servetur,
772 2294 830 2324 erit

110 2338 176 2368 haec
189 2338 349 2368 sententia.
374 2337 413 2367 In
427 2337 495 2366 aliis
509 2337 583 2367 adeo
598 2347 625 2367 se
629 2337 830 2379 formidanda

111 2381 224 2420 Spurtae
237 2386 376 2416 metuere,
398 2384 511 2420 quanto
530 2380 629 2420 magis
649 2381 681 2410 in
705 2381 832 2411 semeti-

109 2424 188 2464 psis,
202 2423 282 2454 iutra
295 2423 409 2455 moenia
423 2433 488 2453 sua.

155 2467 231 2497 ibid.
247 2478 279 2498 v.
295 2470 348 2498 23.
364 2466 406 2506 τῷ
420 2467 463 2506 μὴ
478 2465 655 2508 βούλεο-θαι]
680 2468 764 2497 Beue
780 2467 833 2497 ha-

111 2510 175 2541 bet.
195 2511 279 2541 idem
295 2515 345 2540 est
364 2516 454 2550 atque
469 2511 512 2549 μὴ
528 2508 704 2550 Βουλόμενον.
719 2514 770 2540 aut
786 2509 832 2540 διὰ

112 2551 146 2583 τό
174 2555 217 2594 μὴ
241 2552 411 2587 Boline-Sat.
435 2557 600 2592 propterea
621 2553 703 2592 quod
724 2554 832 2589 nollet,

113 2596 281 2636 Philippus
308 2601 394 2636 puta,
414 2597 445 2626 in
472 2606 624 2626 armorum
650 2597 832 2627 tractatione

113 2639 290 2679 artibusque
302 2640 487 2670 militaribus
501 2650 646 2670 exercere
659 2645 750 2679 atque
760 2651 832 2671 acu-

114 2692 165 2712 ere
177 2683 340 2714 Thebanos
355 2688 463 2713 eontra
474 2683 686 2722 semetipsum.
709 2684 788 2714 Nam
800 2683 832 2713 in

114 2725 288 2757 ἐπασκῆσαι
304 2727 487 2756 subauditur
502 2725 606 2765 ἑαυτῷ.

156 2779 189 2808 p.
207 2771 279 2800 137.
291 2779 323 2799 v.
336 2772 366 2800 8.
377 2769 452 2811 ὄςῶν]
465 2771 533 2800 Imo
548 2779 620 2799 vero
633 2769 737 2811 ὁρῶσιν,
750 2774 784 2800 ut
794 2770 832 2800 ad

115 2812 182 2851 ὑμῖν
197 2813 313 2842 redeat.
330 2816 361 2842 et
377 2813 423 2842 sic
438 2813 511 2842 dedi
527 2813 565 2842 de
580 2824 660 2843 meo.

151 2854 232 2885 ibid.
248 2854 378 2896 κελεύων]
407 2857 432 2885 Α
451 2856 570 2886 Wolfio
586 2862 658 2896 post
673 2854 771 2896 ἐξιέναι
788 2855 832 2885 in-

115 2901 234 2928 trusum
256 2909 361 2928 rursus
385 2899 473 2937 ejeci.
518 2899 589 2929 Nou
606 2901 728 2930 tenebat
746 2899 838 2930 Wolf

115 2949 230 2971 morem
246 2941 415 2979 AEschinis,
431 2941 516 2977 talia,
535 2947 570 2972 ut
584 2942 686 2982 λέγων,
707 2943 834 2978 κελεύων,

116 2983 146 3013 in
163 2983 316 3015 similibus
335 2985 414 3016 locis
434 2985 576 3017 omittere
592 2987 730 3018 amantis.
745 2988 834 3027 cujus

163 3036 242 3058 vot..
261 3038 287 3058 1.

1472 161 1582 211 345

865 263 959 296 moris
973 264 1117 303 exempla
1129 265 1191 303 jam
1209 264 1256 295 bis
1273 265 1321 295 vel
1335 269 1382 295 ter
1397 264 1427 295 in
1444 265 1584 304 superio·

865 309 952 339 ribus
969 308 1192 338 annotavimus.
1208 319 1238 338 v.
1252 309 1288 338 ad
1301 321 1330 350 p.
1348 311 1419 340 120.
1435 319 1466 339 v.
1484 311 1536 340 13.
1553 312 1584 339 et

865 363 897 392 p.
914 353 988 381 127.
1006 361 1037 382 v.
1054 353 1084 381 8.

909 394 986 425 ibid.
1011 405 1041 425 v.
1067 396 1119 423 11.
1146 393 1257 434 εἶξῆνης]
1294 395 1332 424 Id
1357 399 1404 425 est
1428 395 1519 427 καίτοι
1544 394 1582 423 εἲ-

866 438 949 478 ξήνης.

909 481 935 521 ᾗ.
951 478 1020 521 μβ’.
1034 490 1065 520 p.
1083 481 1156 511 137.
1174 490 1206 509 v.
1228 482 1280 510 20.
1297 478 1348 520 οἷς]
1373 481 1452 511 Post
1472 480 1584 514 Βοηθεῖν

868 524 1090 555 Demosthenes
1110 522 1283 554 addidisset
1304 521 1388 559 οὗτοι,
1415 523 1475 563 [sc.
1498 524 1525 554 si
1541 521 1585 558 αἷς

867 567 1071 607 scripsisset}

908 611 986 641 ibid.
1004 621 1034 640 v.
1050 614 1102 641 21.
1125 608 1245 642 ὄπισθεν
1266 608 1478 650 κατελίπομεν]
1506 608 1582 639 Scit.

866 652 996 689 βεβαίους
1010 652 1118 693 φίλους.

908 698 984 727 ibid.
1002 708 1032 728 v.
1049 699 1100 728 202.
1120 695 1318 738 συμμαχίας]
1344 695 1419 727 Seil.
1442 693 1517 736 ’ω-ξός
1537 693 1584 724 Φί-

865 747 981 772 λιππον.

908 795 941 825 p.
958 786 1031 815 138.
1049 795 1081 814 v.
1099 786 1131 814 4.
1147 780 1476 824 παραπξεσβεῦσασθαι]
1493 781 1587 811 Acci-

864 827 1009 867 piendum
1029 827 1221 857 solummodo
1242 828 1280 857 de
1301 826 1402 862 tertia,
1423 835 1513 865 quam
1529 824 1585 854 AE-

866 872 988 901 schines
1003 871 1053 900 hic
1069 874 1297 906 commemorat,
1313 869 1478 909 legatione,
1495 877 1586 907 quam

866 915 1090 944 Demosthenes
1107 925 1258 954 nunquam
1272 913 1392 943 actione
1402 916 1587 952 persecutus

866 962 927 992 est,
942 962 976 987 ut
993 958 1172 992 secundam,
1194 958 1247 986 sed
1271 956 1372 986 obiter
1392 955 1584 986 solummodo

866 1001 1059 1040 perstrinxit.
1117 1000 1244 1039 Taylori
1276 1001 1369 1029 tricas
1406 1009 1465 1029 non
1494 998 1586 1028 intel-

866 1045 940 1083 ligo.
959 1045 984 1074 E
1007 1044 1224 1083 Chrysococca
1252 1043 1326 1073 dedi
1356 1040 1586 1083 ωαξαπξεσβεύ-

866 1098 970 1116 &distrx-

909 1130 935 1168 ᾗ.
946 1129 1012 1168 μγ’.
1028 1141 1060 1169 p.
1076 1131 1149 1161 138.
1165 1141 1193 1159 v.
1211 1132 1242 1159 7.
1261 1128 1406 1170 δεομένων]
1431 1127 1588 1158 Thebanis

865 1172 896 1202 in
910 1174 1015 1211 Pylaea
1029 1173 1174 1211 Philippo
1195 1172 1413 1208 assidentibus,
1429 1176 1520 1210 atque
1535 1181 1586 1200 ro-

867 1216 1023 1254 gantibus,
1038 1220 1073 1245 ut
1086 1217 1265 1245 Phocenses
1281 1216 1386 1246 delere
1403 1215 1509 1244 vellet.

909 1258 985 1287 ibid.
1000 1257 1238 1299 τεθορυβημένης]
1262 1259 1353 1288 Metu
1369 1268 1448 1288 vano
1465 1260 1587 1287 conter-

866 1300 925 1330 rita
946 1305 977 1331 et
990 1303 1164 1340 pavefacta,
1179 1311 1239 1340 quo
1254 1302 1355 1331 minus
1372 1299 1588 1331 Phocensibus

866 1348 1070 1380 succurreret,
1087 1355 1208 1380 verenS,
1232 1355 1271 1374 ne
1288 1345 1454 1384 Philippus
1472 1343 1587 1373 milites

866 1398 937 1418 suos
951 1398 1006 1427 pro
1023 1388 1180 1428 praedibus
1194 1388 1335 1426 captivos
1353 1389 1488 1418 haberet.

908 1431 985 1461 ibid.
1002 1442 1031 1461 v.
1048 1433 1078 1461 8.
1093 1432 1121 1461 οὗ
1136 1430 1290 1470 παρόντων]
1310 1432 1405 1461 Erant
1420 1431 1501 1460 enim
1517 1439 1584 1459 cum

866 1474 1020 1504 Proxeno.
1034 1486 1063 1505 v.
1082 1485 1113 1513 p.
1130 1476 1203 1504 135.
1218 1484 1245 1503 v.
1261 1477 1313 1505 20.

908 1528 940 1557 p.
958 1519 1032 1548 139.
1050 1529 1080 1548 v.
1093 1523 1121 1548 1.
1132 1515 1360 1557 Ἀμφικτύονας]
1387 1516 1495 1547 Malim
1510 1514 1586 1554 Ἀμ-

865 1560 1027 1599 φικτυὸνων,
1043 1561 1157 1591 omisso
1175 1571 1282 1600 nempe
1304 1561 1353 1595 εἷς,
1373 1560 1454 1599 quod
1472 1564 1586 1599 praeter

865 1604 1029 1639 VVoltiurn,
1041 1610 1195 1634 auctorem
1215 1604 1307 1633 habet
1321 1605 1483 1637 neminem,
1496 1603 1583 1632 ideo-

866 1658 924 1686 que
951 1648 1097 1687 expunxi,
1125 1648 1206 1687 quod
1221 1658 1257 1677 ne
1284 1649 1429 1677 Graecum
1456 1646 1583 1685 quidem

864 1690 991 1720 videtur
1008 1702 1085 1722 esse.
1103 1690 1242 1721 dedisset
1264 1690 1364 1720 saltim
1390 1691 1434 1725 ὡς,
1458 1700 1515 1718 non
1536 1689 1584 1722 εἷς.

862 1733 993 1774 [Access.
1011 1734 1098 1775 Non]
1131 1735 1155 1763 E
1172 1744 1264 1763 versu
1290 1737 1341 1764 16.
1358 1735 1420 1772 leg.
1438 1733 1582 1762 videtur:

864 1777 913 1805 καὶ
928 1779 992 1811 τοὺς
1007 1776 1054 1808 ἐπὶ
1073 1779 1138 1811 τοὺς
1151 1776 1366 1816 Ἀμφικτύονας
1381 1776 1523 1816 πρέσβεις.

907 1820 984 1850 ibid.
1017 1832 1046 1850 v.
1071 1825 1101 1852 4.
1129 1820 1370 1861 παρεστηκότων]
1402 1820 1496 1858 Atqui
1520 1820 1586 1857 jam

865 1864 1029 1903 praecessit
1040 1864 1097 1893 hoc
1112 1874 1201 1893 versu
1220 1866 1249 1893 6.
1268 1874 1298 1902 p.
1311 1866 1384 1894 138.
1408 1864 1475 1893 Jaln
1495 1861 1586 1891 Wol-

864 1906 921 1936 fius
936 1907 976 1936 de
992 1907 1083 1946 hujus
1099 1907 1159 1936 loci
1174 1907 1337 1942 densitate,
1349 1911 1383 1936 ut
1395 1917 1468 1936 vere
1481 1904 1587 1944 appel-

864 1949 918 1986 lat,
935 1951 964 1979 h.
982 1960 1008 1979 e.
1025 1950 1214 1979 obscuritate
1231 1954 1357 1988 questus
1374 1954 1434 1980 est.
1458 1951 1585 1979 Senten-

863 1993 906 2021 tia
932 1992 1006 2022 mihi
1028 1993 1151 2022 videtur
1178 1994 1244 2022 haec
1269 2003 1355 2022 esse:
1390 1992 1584 2022 adstantibus

864 2035 1012 2074 Philippo
1035 2036 1189 2065 Thebanis
1212 2040 1302 2074 atque
1325 2035 1496 2071 Thessalis,
1526 2036 1586 2064 fre-

863 2079 1028 2113 mentibus,
1039 2079 1120 2117 quod
1135 2078 1300 2117 Philippus
1310 2078 1498 2113 Phocenses,
1506 2087 1585 2117 quos

863 2120 925 2158 ipsi
949 2121 1067 2150 viritim
1092 2131 1190 2151 caesos
1217 2121 1406 2157 maluissent,
1427 2122 1529 2151 salvos
1551 2120 1582 2149 in

865 2164 987 2194 Cretam
1005 2164 1089 2194 abire
1103 2163 1240 2194 sivisset.

907 2206 933 2246 ξ.
948 2204 1010 2245 μδ’.
1027 2217 1058 2246 p.
1078 2209 1153 2238 1:39.
1167 2217 1198 2237 v.
1217 2210 1267 2236 11.
1281 2206 1393 2237 Βοιωτοὶ
1406 2207 1455 2237 καῖ
1472 2205 1584 2236 Φωκέων

865 2250 887 2279 οἱ
904 2249 1069 2289 φεύγοντες]
1094 2251 1162 2282 ImQ
1185 2261 1257 2280 vero
1275 2251 1378 2284 Φωκεῖς
1398 2250 1447 2280 καῖ
1463 2253 1585 2280 Βοιωτῶν

864 2293 886 2322 οἳ
902 2293 984 2332 φεύγ.
997 2294 1035 2323 V.
1050 2304 1077 2323 v.
1093 2296 1142 2323 14.
1167 2293 1219 2322 Sic
1230 2305 1260 2324 v.
1272 2296 1324 2326 223.
1336 2297 1385 2325 τὴν
1400 2297 1521 2324 Βοιωτῶν
1531 2302 1586 2333 φυ-

864 2337 913 2374 γῆν
927 2336 1064 2376 appellat
1079 2336 1204 2366 exsules
1219 2338 1358 2368 Boeotos.
1403 2338 1584 2367 Phocenses

866 2389 972 2409 omues
991 2380 1089 2419 patria
1112 2384 1184 2410 suut
1207 2381 1309 2419 ejecti,
1333 2382 1511 2411 Boeotorum
1533 2390 1584 2410 so-

864 2422 1019 2453 lummodo
1035 2423 1157 2462 quidam
1171 2424 1357 2454 exsularunt.

907 2466 983 2496 ibid.
1012 2477 1040 2497 v.
1061 2469 1112 2497 16.
1138 2466 1287 2507 πρεσβείαν
1306 2466 1370 2508 ἐπὶ]
1403 2466 1513 2496 Malim
1536 2467 1586 2496 τὲν

864 2509 1018 2539 interseri.
1028 2510 1120 2539 trium
1131 2510 1224 2545 enim,
1233 2520 1308 2549 quas
1317 2509 1481 2539 lEschines
1494 2509 1584 2545 obiit,

863 2553 1062 2591 legationum,
1078 2554 1185 2593 primae
1201 2553 1270 2582 duae
1287 2553 1325 2582 ad
1347 2553 1445 2582 solum
1465 2552 1585 2591 Philip-

864 2606 946 2635 pum,
961 2597 1052 2626 tertia
1074 2597 1114 2627 ad
1139 2597 1231 2632 huuc,
1251 2606 1372 2635 unaque
1395 2596 1433 2625 ad
1454 2595 1584 2635 Amphi-

862 2644 990 2678 ctyonas
1005 2640 1073 2669 fuit.

907 2682 933 2722 ᾗ.
950 2681 1018 2720 μς-’.
1030 2694 1061 2722 p.
1076 2686 1149 2714 141.
1167 2694 1196 2713 v.
1212 2685 1240 2712 1.
1257 2680 1305 2710 καὶ
1322 2681 1432 2721 καλοῖ-ς]
1456 2681 1584 2722 Praepo-

865 2726 912 2756 sui
928 2723 968 2756 εὖ.
1003 2726 1162 2756 Sententia
1176 2725 1298 2755 videtur
1311 2725 1375 2754 haec
1392 2735 1473 2754 esse.
1489 2725 1583 2763 paulo

865 2769 944 2799 enim
958 2774 1005 2799 est
1020 2769 1118 2799 oratio
1134 2769 1306 2798 obscurior.
1333 2768 1410 2804 Qum
1424 2768 1585 2798 carissima

865 2812 939 2842 mihi
957 2818 1027 2842 sunt
1042 2813 1182 2851 pignora,
1198 2817 1229 2841 et
1246 2822 1372 2850 quorum
1392 2811 1501 2850 vulgus
1516 2812 1584 2851 qui-

865 2856 934 2885 dem
951 2855 1086 2885 rationes
1104 2856 1183 2884 haud
1201 2854 1311 2888 cernit,
1324 2855 1361 2883 ab
1379 2854 1518 2892 ingenuis
1530 2866 1583 2886 au-

866 2903 927 2928 tem
956 2909 992 2928 ea
1024 2898 1134 2928 summi
1163 2899 1248 2932 liunt,
1278 2908 1381 2927 eorum
1409 2903 1439 2926 et
1467 2903 1586 2936 partem

866 2942 957 2980 longe
974 2943 1149 2977 maximam,
1167 2947 1199 2971 et
1215 2941 1290 2970 nihil
1312 2942 1342 2970 in
1362 2940 1415 2976 iis,
1431 2941 1512 2980 quod
1525 2943 1584 2976 110-

867 2990 953 3015 neste
969 2985 1100 3027 spectari
1117 2995 1177 3016 nou
1193 2984 1306 3025 possit,
1319 2984 1350 3015 iu
1366 2984 1497 3015 tribunal
1514 2996 1584 3025 pro-

868 3029 886 3048 *
900 3030 919 3058 2
936 3038 956 3058 γ
