<?xml version="1.0" encoding="UTF-8"?>
<!DOCTYPE html PUBLIC "-//W3C//DTD XHTML 1.0 Transitional//EN"
    "http://www.w3.org/TR/xhtml1/DTD/xhtml1-transitional.dtd">
<html xmlns="http://www.w3.org/1999/xhtml" xml:lang="en" lang="en">
 <head>
  <title>
</title>
<meta http-equiv="Content-Type" content="text/html;charset=utf-8" />
  <meta name='ocr-system' content='tesseract 3.04.00' />
  <meta name='ocr-capabilities' content='ocr_page ocr_carea ocr_par ocr_line ocrx_word'/>
</head>
<body>
  <div class='ocr_page' id='page_1' title='image "./oratoresatticie12dobs/oratoresatticie12dobs_0451.png"; bbox 0 0 1899 3322; ppageno 0'>
   <div class='ocr_carea' id='block_1_1' title="bbox 580 200 1545 246">
    <p class='ocr_par' dir='ltr' id='par_1_1' title="bbox 580 200 1545 246">
     <span class='ocr_line' id='line_1_1' title="bbox 580 200 1545 246; baseline 0.002 -3"><span class='ocrx_word' id='word_1_1' title='bbox 580 200 648 243; x_wconf 91' lang='lat' dir='ltr'>IN</span> <span class='ocrx_word' id='word_1_2' title='bbox 678 202 1031 245; x_wconf 83' lang='lat' dir='ltr'><strong>AESCHINEM.</strong></span> <span class='ocrx_word' id='word_1_3' title='bbox 1457 204 1545 246; x_wconf 80' lang='lat'>373</span> 
     </span>
    </p>
   </div>
   <div class='ocr_carea' id='block_1_2' title="bbox 85 305 1556 3037">
    <p class='ocr_par' dir='ltr' id='par_1_2' title="bbox 85 305 1556 3037">
     <span class='ocr_line' id='line_1_2' title="bbox 90 305 1544 361; baseline 0.003 -18"><span class='ocrx_word' id='word_1_4' title='bbox 90 305 179 344; x_wconf 88' lang='lat' dir='ltr'><strong>Fuit</strong></span> <span class='ocrx_word' id='word_1_5' title='bbox 198 305 303 345; x_wconf 87' lang='lat' dir='ltr'>aliud</span> <span class='ocrx_word' id='word_1_6' title='bbox 322 306 498 358; x_wconf 88' lang='lat' dir='ltr'>ejusdem</span> <span class='ocrx_word' id='word_1_7' title='bbox 512 307 666 347; x_wconf 80' lang='lat' dir='ltr'>Aldinae</span> <span class='ocrx_word' id='word_1_8' title='bbox 680 309 898 361; x_wconf 84' lang='lat' dir='ltr'>exemplum</span> <span class='ocrx_word' id='word_1_9' title='bbox 911 307 1154 348; x_wconf 86' lang='lat' dir='ltr'>Bernardino</span> <span class='ocrx_word' id='word_1_10' title='bbox 1170 308 1418 355; x_wconf 89' lang='lat' dir='ltr'>simillimum,</span> <span class='ocrx_word' id='word_1_11' title='bbox 1435 308 1544 359; x_wconf 88' lang='lat' dir='ltr'>quod</span> 
     </span>
     <span class='ocr_line' id='line_1_3' title="bbox 86 367 1544 422; baseline 0.003 -18"><span class='ocrx_word' id='word_1_12' title='bbox 86 367 179 405; x_wconf 86' lang='lat' dir='ltr'>item</span> <span class='ocrx_word' id='word_1_13' title='bbox 199 381 222 406; x_wconf 89' lang='lat' dir='ltr'>a</span> <span class='ocrx_word' id='word_1_14' title='bbox 241 369 437 421; x_wconf 84' lang='lat' dir='ltr'>Scaligero</span> <span class='ocrx_word' id='word_1_15' title='bbox 456 371 720 422; x_wconf 87' lang='lat' dir='ltr'>conscriptum</span> <span class='ocrx_word' id='word_1_16' title='bbox 742 372 878 409; x_wconf 89' lang='lat' dir='ltr'>iisdem</span> <span class='ocrx_word' id='word_1_17' title='bbox 900 371 1043 409; x_wconf 85' lang='lat' dir='ltr'>notulis</span> <span class='ocrx_word' id='word_1_18' title='bbox 1065 369 1222 415; x_wconf 89' lang='lat' dir='ltr'>dicitur,</span> <span class='ocrx_word' id='word_1_19' title='bbox 1245 383 1364 420; x_wconf 87' lang='lat' dir='ltr'>penes</span> <span class='ocrx_word' id='word_1_20' title='bbox 1385 370 1544 408; x_wconf 84' lang='lat' dir='ltr'>Petrum</span> 
     </span>
     <span class='ocr_line' id='line_1_4' title="bbox 90 429 1545 481; baseline 0.003 -15"><span class='ocrx_word' id='word_1_21' title='bbox 90 429 395 481; x_wconf 84' lang='lat' dir='ltr'>Wesselingium‚</span> <span class='ocrx_word' id='word_1_22' title='bbox 418 433 643 471; x_wconf 85' lang='lat' dir='ltr'>excellentis</span> <span class='ocrx_word' id='word_1_23' title='bbox 669 433 862 472; x_wconf 86' lang='lat' dir='ltr'>doctrinae</span> <span class='ocrx_word' id='word_1_24' title='bbox 893 441 933 471; x_wconf 90' lang='lat' dir='ltr'>et</span> <span class='ocrx_word' id='word_1_25' title='bbox 960 432 1210 471; x_wconf 86' lang='lat' dir='ltr'>humanitatis</span> <span class='ocrx_word' id='word_1_26' title='bbox 1231 432 1365 477; x_wconf 82' lang='lat' dir='ltr'>viram,</span> <span class='ocrx_word' id='word_1_27' title='bbox 1391 446 1411 470; x_wconf 90' lang='lat' dir='ltr'>e</span> <span class='ocrx_word' id='word_1_28' title='bbox 1432 432 1545 481; x_wconf 84' lang='lat' dir='ltr'>cujus</span> 
     </span>
     <span class='ocr_line' id='line_1_5' title="bbox 89 491 1546 546; baseline 0.001 -17"><span class='ocrx_word' id='word_1_29' title='bbox 89 491 324 530; x_wconf 81' lang='lat' dir='ltr'>bibliotheca</span> <span class='ocrx_word' id='word_1_30' title='bbox 347 493 383 530; x_wconf 89' lang='lat' dir='ltr'>in</span> <span class='ocrx_word' id='word_1_31' title='bbox 407 493 702 543; x_wconf 88' lang='lat' dir='ltr'>Ultrajectinam</span> <span class='ocrx_word' id='word_1_32' title='bbox 723 495 920 546; x_wconf 82' lang='lat' dir='ltr'>publicam</span> <span class='ocrx_word' id='word_1_33' title='bbox 941 494 1104 532; x_wconf 91' lang='lat' dir='ltr'>transiit.</span> <span class='ocrx_word' id='word_1_34' title='bbox 1148 492 1448 542; x_wconf 86' lang='lat' dir='ltr'>Ultrajectinum</span> <span class='ocrx_word' id='word_1_35' title='bbox 1470 494 1546 531; x_wconf 87' lang='lat' dir='ltr'>hoc</span> 
     </span>
     <span class='ocr_line' id='line_1_6' title="bbox 88 557 1547 609; baseline 0.001 -16"><span class='ocrx_word' id='word_1_36' title='bbox 88 557 308 605; x_wconf 88' lang='lat' dir='ltr'>exemplum</span> <span class='ocrx_word' id='word_1_37' title='bbox 321 570 408 595; x_wconf 89' lang='lat' dir='ltr'>cum</span> <span class='ocrx_word' id='word_1_38' title='bbox 423 558 637 596; x_wconf 85' lang='lat' dir='ltr'>oxoniensi</span> <span class='ocrx_word' id='word_1_39' title='bbox 657 559 884 609; x_wconf 88' lang='lat' dir='ltr'>plerumque</span> <span class='ocrx_word' id='word_1_40' title='bbox 905 560 1100 604; x_wconf 90' lang='lat' dir='ltr'>convenit,</span> <span class='ocrx_word' id='word_1_41' title='bbox 1123 558 1194 596; x_wconf 90' lang='lat' dir='ltr'>nisi</span> <span class='ocrx_word' id='word_1_42' title='bbox 1215 557 1321 607; x_wconf 92' lang='lat' dir='ltr'>quod</span> <span class='ocrx_word' id='word_1_43' title='bbox 1340 557 1432 594; x_wconf 87' lang='lat' dir='ltr'>alias</span> <span class='ocrx_word' id='word_1_44' title='bbox 1452 571 1547 607; x_wconf 89' lang='lat' dir='ltr'>pau-</span> 
     </span>
     <span class='ocr_line' id='line_1_7' title="bbox 89 617 1546 672; baseline 0.001 -18"><span class='ocrx_word' id='word_1_45' title='bbox 89 617 192 655; x_wconf 88' lang='lat' dir='ltr'>ciora</span> <span class='ocrx_word' id='word_1_46' title='bbox 212 618 290 665; x_wconf 88' lang='lat' dir='ltr'>illo,</span> <span class='ocrx_word' id='word_1_47' title='bbox 310 619 402 657; x_wconf 83' lang='lat' dir='ltr'>alias</span> <span class='ocrx_word' id='word_1_48' title='bbox 422 620 532 670; x_wconf 87' lang='lat' dir='ltr'>plura</span> <span class='ocrx_word' id='word_1_49' title='bbox 551 626 671 659; x_wconf 85' lang='lat' dir='ltr'>tenet.</span> <span class='ocrx_word' id='word_1_50' title='bbox 701 622 931 672; x_wconf 87' lang='lat' dir='ltr'>Exemplum</span> <span class='ocrx_word' id='word_1_51' title='bbox 949 620 1172 658; x_wconf 86' lang='lat' dir='ltr'>Oxoniense</span> <span class='ocrx_word' id='word_1_52' title='bbox 1189 632 1311 657; x_wconf 89' lang='lat' dir='ltr'>meam</span> <span class='ocrx_word' id='word_1_53' title='bbox 1329 618 1366 656; x_wconf 88' lang='lat' dir='ltr'>in</span> <span class='ocrx_word' id='word_1_54' title='bbox 1383 619 1546 669; x_wconf 82' lang='lat' dir='ltr'>gratiam</span> 
     </span>
     <span class='ocr_line' id='line_1_8' title="bbox 89 679 1547 734; baseline 0.001 -18"><span class='ocrx_word' id='word_1_55' title='bbox 89 679 325 731; x_wconf 87' lang='lat' dir='ltr'>exscripsere</span> <span class='ocrx_word' id='word_1_56' title='bbox 345 682 423 720; x_wconf 93' lang='lat' dir='ltr'>duo</span> <span class='ocrx_word' id='word_1_57' title='bbox 442 682 711 721; x_wconf 80' lang='lat' dir='ltr'>adolescentes</span> <span class='ocrx_word' id='word_1_58' title='bbox 730 683 885 734; x_wconf 82' lang='lat' dir='ltr'>egregie</span> <span class='ocrx_word' id='word_1_59' title='bbox 906 683 1046 721; x_wconf 84' lang='lat' dir='ltr'>literati</span> <span class='ocrx_word' id='word_1_60' title='bbox 1068 689 1107 721; x_wconf 88' lang='lat' dir='ltr'>et</span> <span class='ocrx_word' id='word_1_61' title='bbox 1126 695 1300 732; x_wconf 84' lang='lat' dir='ltr'>magnam</span> <span class='ocrx_word' id='word_1_62' title='bbox 1317 681 1366 719; x_wconf 89' lang='lat' dir='ltr'>de</span> <span class='ocrx_word' id='word_1_63' title='bbox 1382 694 1421 718; x_wconf 88' lang='lat' dir='ltr'>se</span> <span class='ocrx_word' id='word_1_64' title='bbox 1438 694 1547 731; x_wconf 87' lang='lat' dir='ltr'>spem</span> 
     </span>
     <span class='ocr_line' id='line_1_9' title="bbox 88 742 1549 798; baseline 0 -18"><span class='ocrx_word' id='word_1_65' title='bbox 88 750 277 790; x_wconf 81' lang='lat' dir='ltr'>creantes,</span> <span class='ocrx_word' id='word_1_66' title='bbox 293 744 574 783; x_wconf 88' lang='lat' dir='ltr'>Griesbachius</span> <span class='ocrx_word' id='word_1_67' title='bbox 590 752 630 784; x_wconf 89' lang='lat' dir='ltr'>et</span> <span class='ocrx_word' id='word_1_68' title='bbox 644 746 800 798; x_wconf 77' lang='lat' dir='ltr'>Whyte.</span> <span class='ocrx_word' id='word_1_69' title='bbox 832 745 1117 784; x_wconf 88' lang='lat' dir='ltr'>Griesbachius</span> <span class='ocrx_word' id='word_1_70' title='bbox 1137 747 1185 782; x_wconf 88' lang='lat' dir='ltr'>A.</span> <span class='ocrx_word' id='word_1_71' title='bbox 1199 745 1260 783; x_wconf 85' lang='lat' dir='ltr'>M.</span> <span class='ocrx_word' id='word_1_72' title='bbox 1280 749 1352 789; x_wconf 89' lang='lat' dir='ltr'>est,</span> <span class='ocrx_word' id='word_1_73' title='bbox 1372 742 1549 781; x_wconf 88' lang='lat' dir='ltr'>alumnus</span> 
     </span>
     <span class='ocr_line' id='line_1_10' title="bbox 89 804 1547 858; baseline 0.001 -17"><span class='ocrx_word' id='word_1_74' title='bbox 89 804 253 843; x_wconf 83' lang='lat' dir='ltr'>celebris</span> <span class='ocrx_word' id='word_1_75' title='bbox 274 806 443 858; x_wconf 88' lang='lat' dir='ltr'>theologi</span> <span class='ocrx_word' id='word_1_76' title='bbox 464 808 647 846; x_wconf 87' lang='lat' dir='ltr'>Halensis</span> <span class='ocrx_word' id='word_1_77' title='bbox 666 808 843 855; x_wconf 84' lang='lat' dir='ltr'>Semleri,</span> <span class='ocrx_word' id='word_1_78' title='bbox 869 808 1116 854; x_wconf 88' lang='lat' dir='ltr'>Rambachii,</span> <span class='ocrx_word' id='word_1_79' title='bbox 1147 807 1320 857; x_wconf 87' lang='lat' dir='ltr'>theologi</span> <span class='ocrx_word' id='word_1_80' title='bbox 1347 805 1547 856; x_wconf 90' lang='lat' dir='ltr'>quondam</span> 
     </span>
     <span class='ocr_line' id='line_1_11' title="bbox 87 866 1552 922; baseline 0.001 -18"><span class='ocrx_word' id='word_1_81' title='bbox 87 866 178 905; x_wconf 87' lang='lat' dir='ltr'>item</span> <span class='ocrx_word' id='word_1_82' title='bbox 198 869 391 916; x_wconf 84' lang='lat' dir='ltr'>Halensis,</span> <span class='ocrx_word' id='word_1_83' title='bbox 412 871 662 921; x_wconf 88' lang='lat' dir='ltr'>postmodum</span> <span class='ocrx_word' id='word_1_84' title='bbox 685 871 882 917; x_wconf 89' lang='lat' dir='ltr'>Giessani,</span> <span class='ocrx_word' id='word_1_85' title='bbox 904 886 951 910; x_wconf 86' lang='lat' dir='ltr'>ex</span> <span class='ocrx_word' id='word_1_86' title='bbox 969 872 1050 909; x_wconf 84' lang='lat' dir='ltr'>filia</span> <span class='ocrx_word' id='word_1_87' title='bbox 1076 884 1214 922; x_wconf 88' lang='lat' dir='ltr'>nepos,</span> <span class='ocrx_word' id='word_1_88' title='bbox 1243 883 1360 920; x_wconf 89' lang='lat' dir='ltr'>quem</span> <span class='ocrx_word' id='word_1_89' title='bbox 1381 869 1552 907; x_wconf 89' lang='lat' dir='ltr'>Ramba-</span> 
     </span>
     <span class='ocr_line' id='line_1_12' title="bbox 89 928 1549 985; baseline 0.002 -19"><span class='ocrx_word' id='word_1_90' title='bbox 89 928 233 974; x_wconf 89' lang='lat' dir='ltr'>chium,</span> <span class='ocrx_word' id='word_1_91' title='bbox 255 944 327 981; x_wconf 87' lang='lat' dir='ltr'>ego</span> <span class='ocrx_word' id='word_1_92' title='bbox 346 944 442 982; x_wconf 88' lang='lat' dir='ltr'>puer</span> <span class='ocrx_word' id='word_1_93' title='bbox 461 932 592 971; x_wconf 89' lang='lat' dir='ltr'>adhuc</span> <span class='ocrx_word' id='word_1_94' title='bbox 612 933 724 971; x_wconf 80' lang='lat' dir='ltr'>Halae</span> <span class='ocrx_word' id='word_1_95' title='bbox 745 947 832 972; x_wconf 89' lang='lat' dir='ltr'>cum</span> <span class='ocrx_word' id='word_1_96' title='bbox 852 934 1027 971; x_wconf 90' lang='lat' dir='ltr'>audirem</span> <span class='ocrx_word' id='word_1_97' title='bbox 1054 947 1127 985; x_wconf 91' lang='lat' dir='ltr'>pro</span> <span class='ocrx_word' id='word_1_98' title='bbox 1147 933 1336 972; x_wconf 90' lang='lat' dir='ltr'>concione</span> <span class='ocrx_word' id='word_1_99' title='bbox 1355 932 1473 970; x_wconf 88' lang='lat' dir='ltr'>verba</span> <span class='ocrx_word' id='word_1_100' title='bbox 1493 931 1549 969; x_wconf 85' lang='lat' dir='ltr'>fa-</span> 
     </span>
     <span class='ocr_line' id='line_1_13' title="bbox 87 990 1548 1047; baseline 0.001 -18"><span class='ocrx_word' id='word_1_101' title='bbox 87 990 268 1039; x_wconf 91' lang='lat' dir='ltr'>cientem,</span> <span class='ocrx_word' id='word_1_102' title='bbox 293 1000 333 1031; x_wconf 87' lang='lat' dir='ltr'>et</span> <span class='ocrx_word' id='word_1_103' title='bbox 362 1007 467 1046; x_wconf 84' lang='lat' dir='ltr'>saepe</span> <span class='ocrx_word' id='word_1_104' title='bbox 497 996 641 1041; x_wconf 87' lang='lat' dir='ltr'>audivi,</span> <span class='ocrx_word' id='word_1_105' title='bbox 672 997 858 1034; x_wconf 88' lang='lat' dir='ltr'>recordor</span> <span class='ocrx_word' id='word_1_106' title='bbox 886 996 1126 1047; x_wconf 82' lang='lat' dir='ltr'>adhucdum,</span> <span class='ocrx_word' id='word_1_107' title='bbox 1154 1008 1273 1046; x_wconf 86' lang='lat' dir='ltr'>quam</span> <span class='ocrx_word' id='word_1_108' title='bbox 1294 995 1363 1032; x_wconf 90' lang='lat' dir='ltr'>sim</span> <span class='ocrx_word' id='word_1_109' title='bbox 1386 993 1548 1032; x_wconf 91' lang='lat' dir='ltr'>audiens</span> 
     </span>
     <span class='ocr_line' id='line_1_14' title="bbox 88 1053 1548 1109; baseline 0.001 -18"><span class='ocrx_word' id='word_1_110' title='bbox 88 1053 319 1093; x_wconf 88' lang='lat' dir='ltr'>delectatus.</span> <span class='ocrx_word' id='word_1_111' title='bbox 363 1057 434 1094; x_wconf 91' lang='lat' dir='ltr'>Ille</span> <span class='ocrx_word' id='word_1_112' title='bbox 455 1057 586 1108; x_wconf 88' lang='lat' dir='ltr'>itaque</span> <span class='ocrx_word' id='word_1_113' title='bbox 603 1058 902 1105; x_wconf 88' lang='lat' dir='ltr'>Griesbachius,</span> <span class='ocrx_word' id='word_1_114' title='bbox 922 1071 992 1109; x_wconf 87' lang='lat' dir='ltr'>per</span> <span class='ocrx_word' id='word_1_115' title='bbox 1012 1058 1194 1096; x_wconf 85' lang='lat' dir='ltr'>Arabicae</span> <span class='ocrx_word' id='word_1_116' title='bbox 1215 1057 1357 1108; x_wconf 82' lang='lat' dir='ltr'>linguae</span> <span class='ocrx_word' id='word_1_117' title='bbox 1378 1056 1548 1094; x_wconf 84' lang='lat' dir='ltr'>studium</span> 
     </span>
     <span class='ocr_line' id='line_1_15' title="bbox 88 1115 1553 1170; baseline 0.001 -18"><span class='ocrx_word' id='word_1_118' title='bbox 88 1115 195 1163; x_wconf 79' lang='lat' dir='ltr'>mihi,</span> <span class='ocrx_word' id='word_1_119' title='bbox 215 1130 303 1155; x_wconf 91' lang='lat' dir='ltr'>cum</span> <span class='ocrx_word' id='word_1_120' title='bbox 319 1130 439 1167; x_wconf 86' lang='lat' dir='ltr'>penes</span> <span class='ocrx_word' id='word_1_121' title='bbox 459 1131 529 1156; x_wconf 91' lang='lat' dir='ltr'>nos</span> <span class='ocrx_word' id='word_1_122' title='bbox 550 1120 694 1170; x_wconf 88' lang='lat' dir='ltr'>Lipsiae</span> <span class='ocrx_word' id='word_1_123' title='bbox 716 1134 857 1158; x_wconf 86' lang='lat' dir='ltr'>annum</span> <span class='ocrx_word' id='word_1_124' title='bbox 876 1120 1060 1170; x_wconf 80' lang='lat' dir='ltr'>exigeret,</span> <span class='ocrx_word' id='word_1_125' title='bbox 1080 1119 1327 1166; x_wconf 83' lang='lat' dir='ltr'>conciliatus,</span> <span class='ocrx_word' id='word_1_126' title='bbox 1347 1119 1384 1156; x_wconf 89' lang='lat' dir='ltr'>in</span> <span class='ocrx_word' id='word_1_127' title='bbox 1401 1117 1553 1155; x_wconf 88' lang='lat' dir='ltr'>Britan-</span> 
     </span>
     <span class='ocr_line' id='line_1_16' title="bbox 86 1177 1550 1228; baseline 0.001 -12"><span class='ocrx_word' id='word_1_128' title='bbox 86 1177 188 1216; x_wconf 87' lang='lat' dir='ltr'>niam</span> <span class='ocrx_word' id='word_1_129' title='bbox 218 1178 430 1228; x_wconf 85' lang='lat' dir='ltr'>profectus‚</span> <span class='ocrx_word' id='word_1_130' title='bbox 454 1181 599 1219; x_wconf 82' lang='lat' dir='ltr'>Oxonii</span> <span class='ocrx_word' id='word_1_131' title='bbox 630 1182 779 1220; x_wconf 86' lang='lat' dir='ltr'>scholia</span> <span class='ocrx_word' id='word_1_132' title='bbox 809 1182 858 1220; x_wconf 86' lang='lat' dir='ltr'>ad</span> <span class='ocrx_word' id='word_1_133' title='bbox 880 1182 1076 1219; x_wconf 87' lang='lat' dir='ltr'>AEschinis</span> <span class='ocrx_word' id='word_1_134' title='bbox 1104 1181 1318 1219; x_wconf 90' lang='lat' dir='ltr'>orationem</span> <span class='ocrx_word' id='word_1_135' title='bbox 1339 1180 1376 1218; x_wconf 89' lang='lat' dir='ltr'>in</span> <span class='ocrx_word' id='word_1_136' title='bbox 1400 1181 1550 1218; x_wconf 82' lang='lat' dir='ltr'>Timar-</span> 
     </span>
     <span class='ocr_line' id='line_1_17' title="bbox 87 1239 1553 1293; baseline 0.002 -16"><span class='ocrx_word' id='word_1_137' title='bbox 87 1239 203 1278; x_wconf 87' lang='lat' dir='ltr'>chum</span> <span class='ocrx_word' id='word_1_138' title='bbox 223 1241 307 1291; x_wconf 90' lang='lat' dir='ltr'>ipse</span> <span class='ocrx_word' id='word_1_139' title='bbox 327 1254 441 1279; x_wconf 89' lang='lat' dir='ltr'>manu</span> <span class='ocrx_word' id='word_1_140' title='bbox 462 1255 531 1280; x_wconf 90' lang='lat' dir='ltr'>sua</span> <span class='ocrx_word' id='word_1_141' title='bbox 551 1256 572 1280; x_wconf 87' lang='lat' dir='ltr'>e</span> <span class='ocrx_word' id='word_1_142' title='bbox 592 1243 693 1281; x_wconf 89' lang='lat' dir='ltr'>libro</span> <span class='ocrx_word' id='word_1_143' title='bbox 714 1243 902 1281; x_wconf 88' lang='lat' dir='ltr'>Bernardi</span> <span class='ocrx_word' id='word_1_144' title='bbox 918 1256 1007 1281; x_wconf 91' lang='lat' dir='ltr'>cum</span> <span class='ocrx_word' id='word_1_145' title='bbox 1028 1242 1311 1293; x_wconf 87' lang='lat' dir='ltr'>exscripsisset,</span> <span class='ocrx_word' id='word_1_146' title='bbox 1332 1242 1379 1280; x_wconf 89' lang='lat' dir='ltr'>ad</span> <span class='ocrx_word' id='word_1_147' title='bbox 1403 1255 1463 1280; x_wconf 92' lang='lat' dir='ltr'>me</span> <span class='ocrx_word' id='word_1_148' title='bbox 1484 1243 1553 1280; x_wconf 87' lang='lat' dir='ltr'>mi-</span> 
     </span>
     <span class='ocr_line' id='line_1_18' title="bbox 87 1301 1553 1355; baseline 0.002 -17"><span class='ocrx_word' id='word_1_149' title='bbox 87 1301 151 1347; x_wconf 89' lang='lat' dir='ltr'>sit,</span> <span class='ocrx_word' id='word_1_150' title='bbox 182 1314 256 1339; x_wconf 89' lang='lat' dir='ltr'>una</span> <span class='ocrx_word' id='word_1_151' title='bbox 285 1316 376 1341; x_wconf 90' lang='lat' dir='ltr'>cum</span> <span class='ocrx_word' id='word_1_152' title='bbox 407 1303 562 1341; x_wconf 87' lang='lat' dir='ltr'>scholiis</span> <span class='ocrx_word' id='word_1_153' title='bbox 591 1305 629 1342; x_wconf 90' lang='lat' dir='ltr'>in</span> <span class='ocrx_word' id='word_1_154' title='bbox 660 1304 757 1343; x_wconf 87' lang='lat' dir='ltr'>duas</span> <span class='ocrx_word' id='word_1_155' title='bbox 780 1305 951 1355; x_wconf 88' lang='lat' dir='ltr'>reliquas</span> <span class='ocrx_word' id='word_1_156' title='bbox 977 1305 1188 1350; x_wconf 87' lang='lat' dir='ltr'>orationes,</span> <span class='ocrx_word' id='word_1_157' title='bbox 1210 1318 1306 1355; x_wconf 91' lang='lat' dir='ltr'>quas</span> <span class='ocrx_word' id='word_1_158' title='bbox 1328 1310 1370 1343; x_wconf 85' lang='lat' dir='ltr'>ut</span> <span class='ocrx_word' id='word_1_159' title='bbox 1388 1317 1493 1342; x_wconf 89' lang='lat' dir='ltr'>meos</span> <span class='ocrx_word' id='word_1_160' title='bbox 1514 1304 1553 1341; x_wconf 91' lang='lat' dir='ltr'>in</span> 
     </span>
     <span class='ocr_line' id='line_1_19' title="bbox 88 1365 1552 1419; baseline 0.002 -18"><span class='ocrx_word' id='word_1_161' title='bbox 88 1377 179 1401; x_wconf 90' lang='lat' dir='ltr'>usus</span> <span class='ocrx_word' id='word_1_162' title='bbox 205 1365 455 1412; x_wconf 85' lang='lat' dir='ltr'>exscriberet,</span> <span class='ocrx_word' id='word_1_163' title='bbox 483 1374 730 1417; x_wconf 85' lang='lat' dir='ltr'>permoverat</span> <span class='ocrx_word' id='word_1_164' title='bbox 751 1368 966 1419; x_wconf 70' lang='lat' dir='ltr'>Whyfium,</span> <span class='ocrx_word' id='word_1_165' title='bbox 988 1368 1267 1413; x_wconf 85' lang='lat' dir='ltr'>Oxoniensem,</span> <span class='ocrx_word' id='word_1_166' title='bbox 1295 1381 1413 1418; x_wconf 91' lang='lat' dir='ltr'>quem</span> <span class='ocrx_word' id='word_1_167' title='bbox 1434 1367 1552 1405; x_wconf 91' lang='lat' dir='ltr'>audio</span> 
     </span>
     <span class='ocr_line' id='line_1_20' title="bbox 88 1424 1552 1475; baseline 0.003 -13"><span class='ocrx_word' id='word_1_168' title='bbox 88 1424 254 1464; x_wconf 87' lang='lat' dir='ltr'>mirifico</span> <span class='ocrx_word' id='word_1_169' title='bbox 275 1427 455 1466; x_wconf 88' lang='lat' dir='ltr'>Arabicae</span> <span class='ocrx_word' id='word_1_170' title='bbox 473 1429 684 1467; x_wconf 82' lang='lat' dir='ltr'>literaturae</span> <span class='ocrx_word' id='word_1_171' title='bbox 705 1429 836 1467; x_wconf 88' lang='lat' dir='ltr'>studio</span> <span class='ocrx_word' id='word_1_172' title='bbox 857 1430 1058 1475; x_wconf 84' lang='lat' dir='ltr'>exarsisse,</span> <span class='ocrx_word' id='word_1_173' title='bbox 1079 1436 1119 1468; x_wconf 88' lang='lat' dir='ltr'>et</span> <span class='ocrx_word' id='word_1_174' title='bbox 1142 1429 1418 1468; x_wconf 88' lang='lat' dir='ltr'>Alcoranicum</span> <span class='ocrx_word' id='word_1_175' title='bbox 1438 1429 1552 1467; x_wconf 82' lang='lat' dir='ltr'>Lexi-</span> 
     </span>
     <span class='ocr_line' id='line_1_21' title="bbox 89 1488 1552 1542; baseline 0.002 -17"><span class='ocrx_word' id='word_1_176' title='bbox 89 1501 164 1526; x_wconf 91' lang='lat' dir='ltr'>con</span> <span class='ocrx_word' id='word_1_177' title='bbox 184 1488 366 1535; x_wconf 87' lang='lat' dir='ltr'>condere,</span> <span class='ocrx_word' id='word_1_178' title='bbox 386 1497 556 1540; x_wconf 81' lang='lat' dir='ltr'>coeptum</span> <span class='ocrx_word' id='word_1_179' title='bbox 578 1491 692 1542; x_wconf 83' lang='lat' dir='ltr'>longe</span> <span class='ocrx_word' id='word_1_180' title='bbox 711 1492 966 1538; x_wconf 87' lang='lat' dir='ltr'>utilissimum,</span> <span class='ocrx_word' id='word_1_181' title='bbox 985 1499 1026 1530; x_wconf 91' lang='lat' dir='ltr'>et</span> <span class='ocrx_word' id='word_1_182' title='bbox 1044 1492 1097 1531; x_wconf 87' lang='lat' dir='ltr'>ita</span> <span class='ocrx_word' id='word_1_183' title='bbox 1112 1492 1387 1537; x_wconf 89' lang='lat' dir='ltr'>necessarium,</span> <span class='ocrx_word' id='word_1_184' title='bbox 1406 1497 1450 1529; x_wconf 91' lang='lat' dir='ltr'>ut</span> <span class='ocrx_word' id='word_1_185' title='bbox 1471 1491 1552 1529; x_wconf 89' lang='lat' dir='ltr'>sine</span> 
     </span>
     <span class='ocr_line' id='line_1_22' title="bbox 89 1550 1552 1604; baseline 0.001 -15"><span class='ocrx_word' id='word_1_186' title='bbox 89 1550 198 1589; x_wconf 86' lang='lat' dir='ltr'>clave</span> <span class='ocrx_word' id='word_1_187' title='bbox 225 1550 460 1590; x_wconf 87' lang='lat' dir='ltr'>Alcoranica</span> <span class='ocrx_word' id='word_1_188' title='bbox 490 1553 613 1604; x_wconf 88' lang='lat' dir='ltr'>ipsam</span> <span class='ocrx_word' id='word_1_189' title='bbox 643 1567 759 1604; x_wconf 89' lang='lat' dir='ltr'>posse</span> <span class='ocrx_word' id='word_1_190' title='bbox 792 1555 1033 1593; x_wconf 87' lang='lat' dir='ltr'>literaturam</span> <span class='ocrx_word' id='word_1_191' title='bbox 1063 1554 1274 1593; x_wconf 86' lang='lat' dir='ltr'>Arabicam</span> <span class='ocrx_word' id='word_1_192' title='bbox 1309 1554 1552 1592; x_wconf 81' lang='lat' dir='ltr'>efflorescere</span> 
     </span>
     <span class='ocr_line' id='line_1_23' title="bbox 88 1614 1553 1667; baseline 0.001 -16"><span class='ocrx_word' id='word_1_193' title='bbox 88 1626 238 1663; x_wconf 87' lang='lat' dir='ltr'>negem.</span> <span class='ocrx_word' id='word_1_194' title='bbox 295 1614 407 1652; x_wconf 88' lang='lat' dir='ltr'>Faxit</span> <span class='ocrx_word' id='word_1_195' title='bbox 433 1615 543 1663; x_wconf 87' lang='lat' dir='ltr'>deus,</span> <span class='ocrx_word' id='word_1_196' title='bbox 571 1622 613 1654; x_wconf 87' lang='lat' dir='ltr'>ut</span> <span class='ocrx_word' id='word_1_197' title='bbox 634 1624 805 1666; x_wconf 84' lang='lat' dir='ltr'>coeptum</span> <span class='ocrx_word' id='word_1_198' title='bbox 828 1617 903 1655; x_wconf 91' lang='lat' dir='ltr'>hoc</span> <span class='ocrx_word' id='word_1_199' title='bbox 925 1617 1028 1654; x_wconf 89' lang='lat' dir='ltr'>omni</span> <span class='ocrx_word' id='word_1_200' title='bbox 1050 1617 1178 1663; x_wconf 86' lang='lat' dir='ltr'>laude,</span> <span class='ocrx_word' id='word_1_201' title='bbox 1199 1616 1553 1667; x_wconf 89' lang='lat' dir='ltr'>prosperrimisque</span> 
     </span>
     <span class='ocr_line' id='line_1_24' title="bbox 88 1676 1554 1731; baseline 0.001 -18"><span class='ocrx_word' id='word_1_202' title='bbox 88 1676 336 1714; x_wconf 88' lang='lat' dir='ltr'>successibus</span> <span class='ocrx_word' id='word_1_203' title='bbox 366 1676 634 1728; x_wconf 85' lang='lat' dir='ltr'>dignissimum</span> <span class='ocrx_word' id='word_1_204' title='bbox 665 1677 832 1717; x_wconf 79' lang='lat' dir='ltr'>feliciter</span> <span class='ocrx_word' id='word_1_205' title='bbox 858 1678 1037 1731; x_wconf 82' lang='lat' dir='ltr'>Whytius</span> <span class='ocrx_word' id='word_1_206' title='bbox 1068 1685 1313 1727; x_wconf 81' lang='lat' dir='ltr'>exsequatur.</span> <span class='ocrx_word' id='word_1_207' title='bbox 1372 1678 1554 1715; x_wconf 90' lang='lat' dir='ltr'>Accessit</span> 
     </span>
     <span class='ocr_line' id='line_1_25' title="bbox 88 1737 1552 1792; baseline 0.002 -17"><span class='ocrx_word' id='word_1_208' title='bbox 88 1737 137 1775; x_wconf 88' lang='lat' dir='ltr'>ad</span> <span class='ocrx_word' id='word_1_209' title='bbox 159 1738 242 1776; x_wconf 86' lang='lat' dir='ltr'>haec</span> <span class='ocrx_word' id='word_1_210' title='bbox 259 1740 486 1790; x_wconf 83' lang='lat' dir='ltr'>apographa</span> <span class='ocrx_word' id='word_1_211' title='bbox 506 1740 662 1779; x_wconf 73' lang='lat' dir='ltr'>Oxonio</span> <span class='ocrx_word' id='word_1_212' title='bbox 683 1740 732 1778; x_wconf 88' lang='lat' dir='ltr'>ad</span> <span class='ocrx_word' id='word_1_213' title='bbox 751 1754 813 1779; x_wconf 88' lang='lat' dir='ltr'>me</span> <span class='ocrx_word' id='word_1_214' title='bbox 833 1742 947 1779; x_wconf 89' lang='lat' dir='ltr'>missa</span> <span class='ocrx_word' id='word_1_215' title='bbox 970 1742 1042 1780; x_wconf 92' lang='lat' dir='ltr'>sub</span> <span class='ocrx_word' id='word_1_216' title='bbox 1060 1741 1161 1779; x_wconf 90' lang='lat' dir='ltr'>idem</span> <span class='ocrx_word' id='word_1_217' title='bbox 1184 1740 1263 1779; x_wconf 83' lang='lat' dir='ltr'>fere</span> <span class='ocrx_word' id='word_1_218' title='bbox 1283 1748 1434 1792; x_wconf 88' lang='lat' dir='ltr'>tempus</span> <span class='ocrx_word' id='word_1_219' title='bbox 1456 1753 1552 1791; x_wconf 87' lang='lat' dir='ltr'>apo-</span> 
     </span>
     <span class='ocr_line' id='line_1_26' title="bbox 87 1801 1552 1855; baseline 0.002 -17"><span class='ocrx_word' id='word_1_220' title='bbox 87 1801 279 1851; x_wconf 87' lang='lat' dir='ltr'>graphum</span> <span class='ocrx_word' id='word_1_221' title='bbox 294 1801 382 1839; x_wconf 90' lang='lat' dir='ltr'>libri</span> <span class='ocrx_word' id='word_1_222' title='bbox 401 1803 708 1854; x_wconf 85' lang='lat' dir='ltr'>Wesselingiani‚</span> <span class='ocrx_word' id='word_1_223' title='bbox 729 1817 830 1842; x_wconf 89' lang='lat' dir='ltr'>nunc</span> <span class='ocrx_word' id='word_1_224' title='bbox 848 1805 1114 1855; x_wconf 85' lang='lat' dir='ltr'>Ultrajectini‚</span> <span class='ocrx_word' id='word_1_225' title='bbox 1130 1818 1152 1842; x_wconf 93' lang='lat' dir='ltr'>a</span> <span class='ocrx_word' id='word_1_226' title='bbox 1168 1804 1358 1851; x_wconf 88' lang='lat' dir='ltr'>Goensio,</span> <span class='ocrx_word' id='word_1_227' title='bbox 1375 1804 1483 1841; x_wconf 88' lang='lat' dir='ltr'><strong>V.C.</strong></span> <span class='ocrx_word' id='word_1_228' title='bbox 1502 1803 1552 1841; x_wconf 87' lang='lat' dir='ltr'>ad</span> 
     </span>
     <span class='ocr_line' id='line_1_27' title="bbox 88 1864 1554 1916; baseline 0.001 -14"><span class='ocrx_word' id='word_1_229' title='bbox 88 1877 148 1903; x_wconf 90' lang='lat' dir='ltr'>me</span> <span class='ocrx_word' id='word_1_230' title='bbox 169 1864 338 1910; x_wconf 87' lang='lat' dir='ltr'>missum,</span> <span class='ocrx_word' id='word_1_231' title='bbox 369 1865 449 1916; x_wconf 88' lang='lat' dir='ltr'>qui,</span> <span class='ocrx_word' id='word_1_232' title='bbox 478 1868 712 1904; x_wconf 84' lang='lat' dir='ltr'>auctoritate</span> <span class='ocrx_word' id='word_1_233' title='bbox 734 1867 896 1905; x_wconf 84' lang='lat' dir='ltr'>Sebaldi</span> <span class='ocrx_word' id='word_1_234' title='bbox 917 1867 1044 1912; x_wconf 61' lang='lat' dir='ltr'>szvii,</span> <span class='ocrx_word' id='word_1_235' title='bbox 1063 1868 1111 1905; x_wconf 92' lang='lat' dir='ltr'>V.</span> <span class='ocrx_word' id='word_1_236' title='bbox 1129 1867 1176 1905; x_wconf 94' lang='lat' dir='ltr'>C.</span> <span class='ocrx_word' id='word_1_237' title='bbox 1197 1873 1339 1913; x_wconf 90' lang='lat' dir='ltr'>motus,</span> <span class='ocrx_word' id='word_1_238' title='bbox 1362 1866 1437 1904; x_wconf 90' lang='lat' dir='ltr'>hoc</span> <span class='ocrx_word' id='word_1_239' title='bbox 1457 1865 1554 1903; x_wconf 89' lang='lat' dir='ltr'>mihi</span> 
     </span>
     <span class='ocr_line' id='line_1_28' title="bbox 89 1926 1552 1979; baseline 0.001 -15"><span class='ocrx_word' id='word_1_240' title='bbox 89 1926 240 1974; x_wconf 85' lang='lat' dir='ltr'>tribuit,</span> <span class='ocrx_word' id='word_1_241' title='bbox 260 1933 303 1965; x_wconf 88' lang='lat' dir='ltr'>ut</span> <span class='ocrx_word' id='word_1_242' title='bbox 324 1940 573 1979; x_wconf 81' lang='lat' dir='ltr'>quaecunque</span> <span class='ocrx_word' id='word_1_243' title='bbox 596 1929 694 1967; x_wconf 76' lang='lat' dir='ltr'>liber</span> <span class='ocrx_word' id='word_1_244' title='bbox 719 1928 782 1966; x_wconf 89' lang='lat' dir='ltr'>ille</span> <span class='ocrx_word' id='word_1_245' title='bbox 815 1936 936 1975; x_wconf 87' lang='lat' dir='ltr'>tenet,</span> <span class='ocrx_word' id='word_1_246' title='bbox 967 1943 990 1968; x_wconf 86' lang='lat' dir='ltr'>a</span> <span class='ocrx_word' id='word_1_247' title='bbox 1020 1930 1233 1979; x_wconf 81' lang='lat' dir='ltr'>Scaligero,</span> <span class='ocrx_word' id='word_1_248' title='bbox 1264 1935 1308 1967; x_wconf 90' lang='lat' dir='ltr'>ut</span> <span class='ocrx_word' id='word_1_249' title='bbox 1333 1929 1482 1975; x_wconf 89' lang='lat' dir='ltr'>volunt,</span> <span class='ocrx_word' id='word_1_250' title='bbox 1514 1928 1552 1966; x_wconf 90' lang='lat' dir='ltr'>in</span> 
     </span>
     <span class='ocr_line' id='line_1_29' title="bbox 87 1989 1553 2041; baseline 0.001 -15"><span class='ocrx_word' id='word_1_251' title='bbox 87 1989 327 2040; x_wconf 88' lang='lat' dir='ltr'>marginibus</span> <span class='ocrx_word' id='word_1_252' title='bbox 348 1989 507 2041; x_wconf 86' lang='lat' dir='ltr'>scripta,</span> <span class='ocrx_word' id='word_1_253' title='bbox 524 1991 606 2041; x_wconf 88' lang='lat' dir='ltr'>ipse</span> <span class='ocrx_word' id='word_1_254' title='bbox 622 1992 862 2030; x_wconf 81' lang='lat' dir='ltr'>exscriberet</span> <span class='ocrx_word' id='word_1_255' title='bbox 877 1992 924 2030; x_wconf 94' lang='lat' dir='ltr'>ad</span> <span class='ocrx_word' id='word_1_256' title='bbox 944 2006 1002 2030; x_wconf 86' lang='lat' dir='ltr'>me</span> <span class='ocrx_word' id='word_1_257' title='bbox 1019 1992 1224 2038; x_wconf 88' lang='lat' dir='ltr'>mittenda,</span> <span class='ocrx_word' id='word_1_258' title='bbox 1241 2005 1319 2029; x_wconf 91' lang='lat' dir='ltr'>non</span> <span class='ocrx_word' id='word_1_259' title='bbox 1336 1991 1385 2029; x_wconf 89' lang='lat' dir='ltr'>ad</span> <span class='ocrx_word' id='word_1_260' title='bbox 1400 1991 1553 2029; x_wconf 87' lang='lat' dir='ltr'>AEschi-</span> 
     </span>
     <span class='ocr_line' id='line_1_30' title="bbox 86 2051 1554 2104; baseline 0.002 -16"><span class='ocrx_word' id='word_1_261' title='bbox 86 2063 173 2088; x_wconf 90' lang='lat' dir='ltr'>nem</span> <span class='ocrx_word' id='word_1_262' title='bbox 196 2051 334 2097; x_wconf 86' lang='lat' dir='ltr'>solum,</span> <span class='ocrx_word' id='word_1_263' title='bbox 356 2052 423 2089; x_wconf 84' lang='lat' dir='ltr'>sed</span> <span class='ocrx_word' id='word_1_264' title='bbox 445 2052 494 2089; x_wconf 88' lang='lat' dir='ltr'>ad</span> <span class='ocrx_word' id='word_1_265' title='bbox 516 2066 649 2091; x_wconf 89' lang='lat' dir='ltr'>omnes</span> <span class='ocrx_word' id='word_1_266' title='bbox 670 2054 842 2104; x_wconf 86' lang='lat' dir='ltr'>reliquos</span> <span class='ocrx_word' id='word_1_267' title='bbox 865 2067 1026 2104; x_wconf 90' lang='lat' dir='ltr'>quoque</span> <span class='ocrx_word' id='word_1_268' title='bbox 1048 2055 1212 2092; x_wconf 86' lang='lat' dir='ltr'>Graecos</span> <span class='ocrx_word' id='word_1_269' title='bbox 1234 2059 1421 2092; x_wconf 88' lang='lat' dir='ltr'>oratores.</span> <span class='ocrx_word' id='word_1_270' title='bbox 1452 2054 1554 2091; x_wconf 88' lang='lat' dir='ltr'>Tan-</span> 
     </span>
     <span class='ocr_line' id='line_1_31' title="bbox 87 2112 1553 2164; baseline 0.001 -14"><span class='ocrx_word' id='word_1_271' title='bbox 87 2112 176 2151; x_wconf 83' lang='lat' dir='ltr'>dem</span> <span class='ocrx_word' id='word_1_272' title='bbox 198 2114 333 2164; x_wconf 88' lang='lat' dir='ltr'>paucis</span> <span class='ocrx_word' id='word_1_273' title='bbox 354 2119 442 2152; x_wconf 86' lang='lat' dir='ltr'>ante</span> <span class='ocrx_word' id='word_1_274' title='bbox 459 2115 654 2153; x_wconf 88' lang='lat' dir='ltr'>mensibus</span> <span class='ocrx_word' id='word_1_275' title='bbox 670 2115 851 2153; x_wconf 91' lang='lat' dir='ltr'>Londino</span> <span class='ocrx_word' id='word_1_276' title='bbox 865 2116 913 2153; x_wconf 93' lang='lat' dir='ltr'>ad</span> <span class='ocrx_word' id='word_1_277' title='bbox 931 2130 990 2154; x_wconf 90' lang='lat' dir='ltr'>me</span> <span class='ocrx_word' id='word_1_278' title='bbox 1005 2116 1109 2154; x_wconf 82' lang='lat' dir='ltr'>misit</span> <span class='ocrx_word' id='word_1_279' title='bbox 1126 2116 1319 2154; x_wconf 83' lang='lat' dir='ltr'>Antonius</span> <span class='ocrx_word' id='word_1_280' title='bbox 1335 2115 1553 2163; x_wconf 85' lang='lat' dir='ltr'>Askewius,</span> 
     </span>
     <span class='ocr_line' id='line_1_32' title="bbox 85 2175 1552 2230; baseline 0.002 -18"><span class='ocrx_word' id='word_1_281' title='bbox 85 2175 135 2213; x_wconf 91' lang='lat' dir='ltr'>V.</span> <span class='ocrx_word' id='word_1_282' title='bbox 150 2175 196 2213; x_wconf 90' lang='lat' dir='ltr'>C.</span> <span class='ocrx_word' id='word_1_283' title='bbox 217 2175 316 2214; x_wconf 63' lang='lat' dir='ltr'>inter</span> <span class='ocrx_word' id='word_1_284' title='bbox 335 2176 410 2214; x_wconf 88' lang='lat' dir='ltr'>alia</span> <span class='ocrx_word' id='word_1_285' title='bbox 429 2176 624 2215; x_wconf 69' lang='lat' dir='ltr'>volumina</span> <span class='ocrx_word' id='word_1_286' title='bbox 645 2191 807 2216; x_wconf 88' lang='lat' dir='ltr'>numero</span> <span class='ocrx_word' id='word_1_287' title='bbox 828 2191 945 2229; x_wconf 87' lang='lat' dir='ltr'>quam</span> <span class='ocrx_word' id='word_1_288' title='bbox 965 2179 1146 2230; x_wconf 85' lang='lat' dir='ltr'>plurima,</span> <span class='ocrx_word' id='word_1_289' title='bbox 1175 2179 1318 2229; x_wconf 88' lang='lat' dir='ltr'>quibus</span> <span class='ocrx_word' id='word_1_290' title='bbox 1345 2177 1494 2229; x_wconf 73' lang='lat' dir='ltr'>Taylor</span> <span class='ocrx_word' id='word_1_291' title='bbox 1514 2177 1552 2215; x_wconf 91' lang='lat' dir='ltr'>in</span> 
     </span>
     <span class='ocr_line' id='line_1_33' title="bbox 86 2238 1551 2287; baseline 0.001 -12"><span class='ocrx_word' id='word_1_292' title='bbox 86 2238 311 2276; x_wconf 88' lang='lat' dir='ltr'>adornanda</span> <span class='ocrx_word' id='word_1_293' title='bbox 339 2251 407 2277; x_wconf 90' lang='lat' dir='ltr'>sua</span> <span class='ocrx_word' id='word_1_294' title='bbox 438 2239 714 2278; x_wconf 82' lang='lat' dir='ltr'>Demosthenis</span> <span class='ocrx_word' id='word_1_295' title='bbox 740 2240 912 2279; x_wconf 89' lang='lat' dir='ltr'>editione</span> <span class='ocrx_word' id='word_1_296' title='bbox 939 2254 1029 2279; x_wconf 88' lang='lat' dir='ltr'>usus</span> <span class='ocrx_word' id='word_1_297' title='bbox 1059 2247 1156 2287; x_wconf 88' lang='lat' dir='ltr'>erat,</span> <span class='ocrx_word' id='word_1_298' title='bbox 1178 2241 1372 2279; x_wconf 87' lang='lat' dir='ltr'>volumina</span> <span class='ocrx_word' id='word_1_299' title='bbox 1401 2241 1480 2278; x_wconf 92' lang='lat' dir='ltr'>duo</span> <span class='ocrx_word' id='word_1_300' title='bbox 1504 2240 1551 2278; x_wconf 85' lang='lat' dir='ltr'>ad</span> 
     </span>
     <span class='ocr_line' id='line_1_34' title="bbox 89 2301 1551 2355; baseline 0.001 -16"><span class='ocrx_word' id='word_1_301' title='bbox 89 2301 311 2340; x_wconf 88' lang='lat' dir='ltr'>AEschinem</span> <span class='ocrx_word' id='word_1_302' title='bbox 333 2303 456 2340; x_wconf 91' lang='lat' dir='ltr'>solum</span> <span class='ocrx_word' id='word_1_303' title='bbox 477 2303 727 2354; x_wconf 87' lang='lat' dir='ltr'>pertinentia,</span> <span class='ocrx_word' id='word_1_304' title='bbox 756 2317 844 2355; x_wconf 84' lang='lat' dir='ltr'>quae</span> <span class='ocrx_word' id='word_1_305' title='bbox 865 2318 969 2342; x_wconf 89' lang='lat' dir='ltr'>nunc</span> <span class='ocrx_word' id='word_1_306' title='bbox 992 2318 1109 2355; x_wconf 88' lang='lat' dir='ltr'>penes</span> <span class='ocrx_word' id='word_1_307' title='bbox 1131 2318 1192 2343; x_wconf 88' lang='lat' dir='ltr'>me</span> <span class='ocrx_word' id='word_1_308' title='bbox 1214 2310 1318 2343; x_wconf 89' lang='lat' dir='ltr'>sunt.</span> <span class='ocrx_word' id='word_1_309' title='bbox 1375 2304 1551 2342; x_wconf 85' lang='lat' dir='ltr'>Alterum</span> 
     </span>
     <span class='ocr_line' id='line_1_35' title="bbox 87 2363 1552 2417; baseline 0.003 -17"><span class='ocrx_word' id='word_1_310' title='bbox 87 2369 148 2401; x_wconf 88' lang='lat' dir='ltr'>est</span> <span class='ocrx_word' id='word_1_311' title='bbox 174 2363 283 2409; x_wconf 92' lang='lat' dir='ltr'>illud,</span> <span class='ocrx_word' id='word_1_312' title='bbox 315 2364 422 2414; x_wconf 91' lang='lat' dir='ltr'>quod</span> <span class='ocrx_word' id='word_1_313' title='bbox 452 2365 672 2404; x_wconf 88' lang='lat' dir='ltr'>orationum</span> <span class='ocrx_word' id='word_1_314' title='bbox 693 2367 890 2405; x_wconf 88' lang='lat' dir='ltr'>AEschinis</span> <span class='ocrx_word' id='word_1_315' title='bbox 918 2368 1135 2417; x_wconf 87' lang='lat' dir='ltr'>exemplum</span> <span class='ocrx_word' id='word_1_316' title='bbox 1165 2373 1287 2413; x_wconf 88' lang='lat' dir='ltr'>tenet,</span> <span class='ocrx_word' id='word_1_317' title='bbox 1317 2381 1362 2405; x_wconf 79' lang='lat' dir='ltr'>ex</span> <span class='ocrx_word' id='word_1_318' title='bbox 1390 2366 1552 2404; x_wconf 89' lang='lat' dir='ltr'>Henrici</span> 
     </span>
     <span class='ocr_line' id='line_1_36' title="bbox 90 2425 1554 2478; baseline 0.001 -15"><span class='ocrx_word' id='word_1_319' title='bbox 90 2425 279 2476; x_wconf 88' lang='lat' dir='ltr'>Stephani</span> <span class='ocrx_word' id='word_1_320' title='bbox 310 2440 476 2478; x_wconf 88' lang='lat' dir='ltr'>corpore</span> <span class='ocrx_word' id='word_1_321' title='bbox 497 2428 731 2466; x_wconf 83' lang='lat' dir='ltr'>Graecorum</span> <span class='ocrx_word' id='word_1_322' title='bbox 758 2436 956 2468; x_wconf 82' lang='lat' dir='ltr'>oratorum</span> <span class='ocrx_word' id='word_1_323' title='bbox 981 2430 1173 2468; x_wconf 87' lang='lat' dir='ltr'>minorum</span> <span class='ocrx_word' id='word_1_324' title='bbox 1194 2429 1384 2476; x_wconf 87' lang='lat' dir='ltr'>evulsum,</span> <span class='ocrx_word' id='word_1_325' title='bbox 1406 2428 1554 2467; x_wconf 84' lang='lat' dir='ltr'>chartis</span> 
     </span>
     <span class='ocr_line' id='line_1_37' title="bbox 87 2486 1553 2543; baseline 0.002 -19"><span class='ocrx_word' id='word_1_326' title='bbox 87 2486 304 2537; x_wconf 84' lang='lat' dir='ltr'>interjectis</span> <span class='ocrx_word' id='word_1_327' title='bbox 335 2488 576 2535; x_wconf 88' lang='lat' dir='ltr'>distinctum,</span> <span class='ocrx_word' id='word_1_328' title='bbox 608 2489 751 2540; x_wconf 90' lang='lat' dir='ltr'>quibus</span> <span class='ocrx_word' id='word_1_329' title='bbox 780 2491 927 2530; x_wconf 91' lang='lat' dir='ltr'>chartis</span> <span class='ocrx_word' id='word_1_330' title='bbox 956 2492 1114 2543; x_wconf 86' lang='lat' dir='ltr'>Taylor,</span> <span class='ocrx_word' id='word_1_331' title='bbox 1148 2498 1294 2543; x_wconf 81' lang='lat' dir='ltr'>praeter</span> <span class='ocrx_word' id='word_1_332' title='bbox 1322 2490 1553 2529; x_wconf 87' lang='lat' dir='ltr'>collationes</span> 
     </span>
     <span class='ocr_line' id='line_1_38' title="bbox 89 2548 1554 2603; baseline 0.003 -17"><span class='ocrx_word' id='word_1_333' title='bbox 89 2548 270 2587; x_wconf 87' lang='lat' dir='ltr'>codicum</span> <span class='ocrx_word' id='word_1_334' title='bbox 291 2550 520 2598; x_wconf 87' lang='lat' dir='ltr'>Lockerani‚</span> <span class='ocrx_word' id='word_1_335' title='bbox 542 2551 770 2603; x_wconf 84' lang='lat' dir='ltr'>Harleyani‚</span> <span class='ocrx_word' id='word_1_336' title='bbox 798 2560 837 2592; x_wconf 89' lang='lat' dir='ltr'>et</span> <span class='ocrx_word' id='word_1_337' title='bbox 858 2554 1068 2600; x_wconf 84' lang='lat' dir='ltr'>Meadiani,</span> <span class='ocrx_word' id='word_1_338' title='bbox 1090 2554 1208 2592; x_wconf 88' lang='lat' dir='ltr'>etiam</span> <span class='ocrx_word' id='word_1_339' title='bbox 1229 2553 1388 2592; x_wconf 81' lang='lat' dir='ltr'>Scholia</span> <span class='ocrx_word' id='word_1_340' title='bbox 1408 2554 1554 2590; x_wconf 81' lang='lat' dir='ltr'>Graeca</span> 
     </span>
     <span class='ocr_line' id='line_1_39' title="bbox 89 2609 1553 2666; baseline 0.003 -19"><span class='ocrx_word' id='word_1_341' title='bbox 89 2609 128 2647; x_wconf 92' lang='lat' dir='ltr'>in</span> <span class='ocrx_word' id='word_1_342' title='bbox 148 2610 428 2657; x_wconf 89' lang='lat' dir='ltr'>Timarcheam‚</span> <span class='ocrx_word' id='word_1_343' title='bbox 458 2625 536 2650; x_wconf 90' lang='lat' dir='ltr'>non</span> <span class='ocrx_word' id='word_1_344' title='bbox 564 2614 654 2652; x_wconf 87' lang='lat' dir='ltr'>item</span> <span class='ocrx_word' id='word_1_345' title='bbox 685 2615 722 2651; x_wconf 90' lang='lat' dir='ltr'>in</span> <span class='ocrx_word' id='word_1_346' title='bbox 752 2615 922 2666; x_wconf 90' lang='lat' dir='ltr'>reliquas</span> <span class='ocrx_word' id='word_1_347' title='bbox 942 2615 1039 2654; x_wconf 91' lang='lat' dir='ltr'>duas</span> <span class='ocrx_word' id='word_1_348' title='bbox 1060 2616 1256 2654; x_wconf 88' lang='lat' dir='ltr'>orationes</span> <span class='ocrx_word' id='word_1_349' title='bbox 1278 2615 1553 2666; x_wconf 67' lang='lat' dir='ltr'>adscripserant,</span> 
     </span>
     <span class='ocr_line' id='line_1_40' title="bbox 91 2671 1553 2728; baseline 0.003 -19"><span class='ocrx_word' id='word_1_350' title='bbox 91 2671 228 2710; x_wconf 90' lang='lat' dir='ltr'>eadem</span> <span class='ocrx_word' id='word_1_351' title='bbox 247 2685 333 2710; x_wconf 91' lang='lat' dir='ltr'>cum</span> <span class='ocrx_word' id='word_1_352' title='bbox 354 2673 443 2720; x_wconf 90' lang='lat' dir='ltr'>illis,</span> <span class='ocrx_word' id='word_1_353' title='bbox 463 2688 549 2723; x_wconf 86' lang='lat' dir='ltr'>quae</span> <span class='ocrx_word' id='word_1_354' title='bbox 569 2675 606 2713; x_wconf 94' lang='lat' dir='ltr'>in</span> <span class='ocrx_word' id='word_1_355' title='bbox 627 2676 872 2715; x_wconf 88' lang='lat' dir='ltr'>Bernardino</span> <span class='ocrx_word' id='word_1_356' title='bbox 892 2683 931 2716; x_wconf 86' lang='lat' dir='ltr'>et</span> <span class='ocrx_word' id='word_1_357' title='bbox 952 2678 1216 2728; x_wconf 86' lang='lat' dir='ltr'>Ultrajectino</span> <span class='ocrx_word' id='word_1_358' title='bbox 1235 2678 1336 2715; x_wconf 91' lang='lat' dir='ltr'>libro</span> <span class='ocrx_word' id='word_1_359' title='bbox 1360 2679 1553 2728; x_wconf 69' lang='lat' dir='ltr'>leguntur„</span> 
     </span>
     <span class='ocr_line' id='line_1_41' title="bbox 91 2734 1554 2792; baseline 0.004 -21"><span class='ocrx_word' id='word_1_360' title='bbox 91 2734 171 2772; x_wconf 89' lang='lat' dir='ltr'>Sed</span> <span class='ocrx_word' id='word_1_361' title='bbox 190 2734 326 2785; x_wconf 89' lang='lat' dir='ltr'>accepi</span> <span class='ocrx_word' id='word_1_362' title='bbox 346 2748 505 2787; x_wconf 89' lang='lat' dir='ltr'>quoque</span> <span class='ocrx_word' id='word_1_363' title='bbox 527 2738 566 2776; x_wconf 90' lang='lat' dir='ltr'>in</span> <span class='ocrx_word' id='word_1_364' title='bbox 587 2738 741 2777; x_wconf 90' lang='lat' dir='ltr'>schedis</span> <span class='ocrx_word' id='word_1_365' title='bbox 760 2739 835 2777; x_wconf 92' lang='lat' dir='ltr'>illis</span> <span class='ocrx_word' id='word_1_366' title='bbox 862 2740 1091 2792; x_wconf 81' lang='lat' dir='ltr'>Tayloranis</span> <span class='ocrx_word' id='word_1_367' title='bbox 1119 2741 1220 2778; x_wconf 87' lang='lat' dir='ltr'>aliud</span> <span class='ocrx_word' id='word_1_368' title='bbox 1251 2741 1446 2789; x_wconf 74' lang='lat' dir='ltr'>volumen,</span> <span class='ocrx_word' id='word_1_369' title='bbox 1475 2753 1554 2790; x_wconf 89' lang='lat' dir='ltr'>quo</span> 
     </span>
     <span class='ocr_line' id='line_1_42' title="bbox 91 2799 1555 2853; baseline 0.004 -20"><span class='ocrx_word' id='word_1_370' title='bbox 91 2802 296 2834; x_wconf 88' lang='lat' dir='ltr'>consutum</span> <span class='ocrx_word' id='word_1_371' title='bbox 323 2804 408 2835; x_wconf 88' lang='lat' dir='ltr'>erat</span> <span class='ocrx_word' id='word_1_372' title='bbox 435 2799 655 2850; x_wconf 90' lang='lat' dir='ltr'>exemplum</span> <span class='ocrx_word' id='word_1_373' title='bbox 678 2801 935 2852; x_wconf 86' lang='lat' dir='ltr'>Timarcheae,</span> <span class='ocrx_word' id='word_1_374' title='bbox 962 2816 1009 2840; x_wconf 86' lang='lat' dir='ltr'>ex</span> <span class='ocrx_word' id='word_1_375' title='bbox 1028 2802 1199 2840; x_wconf 88' lang='lat' dir='ltr'>editione</span> <span class='ocrx_word' id='word_1_376' title='bbox 1220 2802 1389 2853; x_wconf 78' lang='lat' dir='ltr'>Taylori‚</span> <span class='ocrx_word' id='word_1_377' title='bbox 1410 2802 1555 2840; x_wconf 89' lang='lat' dir='ltr'>chartis</span> 
     </span>
     <span class='ocr_line' id='line_1_43' title="bbox 91 2861 1556 2916; baseline 0.003 -18"><span class='ocrx_word' id='word_1_378' title='bbox 91 2861 199 2910; x_wconf 89' lang='lat' dir='ltr'>puris</span> <span class='ocrx_word' id='word_1_379' title='bbox 218 2861 509 2911; x_wconf 83' lang='lat' dir='ltr'>interpolatum,</span> <span class='ocrx_word' id='word_1_380' title='bbox 525 2862 665 2912; x_wconf 91' lang='lat' dir='ltr'>quibus</span> <span class='ocrx_word' id='word_1_381' title='bbox 682 2863 829 2902; x_wconf 89' lang='lat' dir='ltr'>chartis</span> <span class='ocrx_word' id='word_1_382' title='bbox 844 2865 993 2916; x_wconf 75' lang='lat' dir='ltr'>Taylor</span> <span class='ocrx_word' id='word_1_383' title='bbox 1007 2864 1131 2902; x_wconf 84' lang='lat' dir='ltr'>varias</span> <span class='ocrx_word' id='word_1_384' title='bbox 1148 2864 1335 2902; x_wconf 87' lang='lat' dir='ltr'>lectiones</span> <span class='ocrx_word' id='word_1_385' title='bbox 1353 2864 1556 2902; x_wconf 87' lang='lat' dir='ltr'>Meadiani</span> 
     </span>
     <span class='ocr_line' id='line_1_44' title="bbox 94 2921 1555 2975; baseline 0.004 -17"><span class='ocrx_word' id='word_1_386' title='bbox 94 2921 241 2959; x_wconf 87' lang='lat' dir='ltr'>codicis</span> <span class='ocrx_word' id='word_1_387' title='bbox 261 2921 310 2959; x_wconf 89' lang='lat' dir='ltr'>ad</span> <span class='ocrx_word' id='word_1_388' title='bbox 331 2921 432 2959; x_wconf 89' lang='lat' dir='ltr'>illam</span> <span class='ocrx_word' id='word_1_389' title='bbox 452 2922 738 2971; x_wconf 86' lang='lat' dir='ltr'>Timarcheam‚</span> <span class='ocrx_word' id='word_1_390' title='bbox 767 2932 806 2963; x_wconf 88' lang='lat' dir='ltr'>et</span> <span class='ocrx_word' id='word_1_391' title='bbox 826 2932 1016 2975; x_wconf 82' lang='lat' dir='ltr'>praeterea</span> <span class='ocrx_word' id='word_1_392' title='bbox 1038 2925 1199 2963; x_wconf 86' lang='lat' dir='ltr'>Scholia</span> <span class='ocrx_word' id='word_1_393' title='bbox 1224 2926 1263 2963; x_wconf 85' lang='lat' dir='ltr'>in</span> <span class='ocrx_word' id='word_1_394' title='bbox 1284 2925 1447 2964; x_wconf 87' lang='lat' dir='ltr'>eandem</span> <span class='ocrx_word' id='word_1_395' title='bbox 1468 2939 1555 2964; x_wconf 87' lang='lat' dir='ltr'>ora-</span> 
     </span>
     <span class='ocr_line' id='line_1_45' title="bbox 93 2981 1555 3037; baseline 0.003 -17"><span class='ocrx_word' id='word_1_396' title='bbox 93 2981 239 3022; x_wconf 83' lang='lat' dir='ltr'>tionem</span> <span class='ocrx_word' id='word_1_397' title='bbox 258 2996 305 3022; x_wconf 83' lang='lat' dir='ltr'>ex</span> <span class='ocrx_word' id='word_1_398' title='bbox 326 2983 463 3022; x_wconf 86' lang='lat' dir='ltr'>eodem</span> <span class='ocrx_word' id='word_1_399' title='bbox 484 2984 622 3023; x_wconf 83' lang='lat' dir='ltr'>codice</span> <span class='ocrx_word' id='word_1_400' title='bbox 643 2987 766 3037; x_wconf 85' lang='lat' dir='ltr'>petita</span> <span class='ocrx_word' id='word_1_401' title='bbox 784 2987 1047 3036; x_wconf 81' lang='lat' dir='ltr'>inscripserat,</span> <span class='ocrx_word' id='word_1_402' title='bbox 1064 2987 1114 3025; x_wconf 84' lang='lat' dir='ltr'>ab</span> <span class='ocrx_word' id='word_1_403' title='bbox 1133 2987 1205 3025; x_wconf 87' lang='lat' dir='ltr'>illis</span> <span class='ocrx_word' id='word_1_404' title='bbox 1224 2988 1451 3026; x_wconf 83' lang='lat' dir='ltr'>Bernardini</span> <span class='ocrx_word' id='word_1_405' title='bbox 1470 2988 1555 3026; x_wconf 83' lang='lat' dir='ltr'>libri</span> 
     </span>
    </p>
   </div>
  </div>
 </body>
</html>
