1965 3322
537 209 622 253 DE
653 207 936 254 AESCHINE
970 207 1276 252 ORATORE.
1505 210 1641 252 xxxiii

178 318 392 372 ῧσκιμασία,
412 319 580 370 primum
597 324 876 356 commemorat
896 317 999 368 leges
1018 317 1068 355 de
1088 316 1295 367 disciplina
1313 315 1485 366 publica,
1503 316 1643 355 deiude

176 383 296 420 vitam
323 382 524 420 Timarchi
552 381 601 419 ad
632 381 700 418 has
728 380 833 430 leges
862 379 1071 418 examinat.
1125 379 1201 416 Hic
1232 378 1346 416 facile
1367 385 1544 428 apparet,
1566 379 1645 428 pri-

176 457 280 482 mam
318 443 503 483 orationis
539 448 690 494 partem
727 441 924 479 difficilem
963 440 1145 478 habuisse
1178 440 1462 478 tractationem.
1521 439 1644 490 Leges

174 507 276 545 enim
297 506 504 558 separatim
523 510 724 556 spectatae,
749 504 830 541 sine
850 504 1026 541 examine
1055 503 1157 549 vitae,
1186 502 1311 540 videri
1337 507 1520 552 poterant
1549 514 1646 551 quo-

175 568 388 607 dammodo
416 566 681 618 imprudenter
709 566 873 604 divulsae
901 579 923 604 a
949 578 1067 604 causa
1098 565 1195 616 ipsa.
1254 564 1332 602 Sed
1359 564 1434 602 hoc
1461 576 1538 600 non
1565 563 1645 600 sine

174 642 325 668 summa
344 628 554 680 prudentia
580 628 686 667 fecit.
744 628 901 666 Crimen
922 629 1037 674 enim,
1059 627 1166 678 quod
1187 625 1404 671 deferebat,
1425 624 1647 676 negligeba-

175 696 250 737 tur,
266 697 306 729 et
323 703 410 728 reus
425 690 478 728 ob
495 691 637 728 multos
652 703 675 728 a
696 704 737 728 se
756 696 886 741 gestos
907 690 1155 740 magistratus
1175 695 1259 727 erat
1280 689 1408 726 clarus
1428 693 1469 725 et
1490 686 1646 724 nobilis.

174 752 296 803 Igitur
314 765 386 803 per
400 752 519 803 leges,
539 752 593 790 ob
612 752 879 803 legislatorum
901 764 1089 790 summam
1110 750 1383 789 auctoritatem
1403 748 1509 800 apud
1525 748 1647 786 Athe-

173 814 328 853 nienses
349 821 502 853 sanctas
521 821 561 853 et
581 814 838 860 inviolabiles,
861 813 1029 852 orationi
1055 827 1137 852 suae
1156 812 1298 851 debuit
1317 811 1469 863 aperire
1489 810 1588 848 viam
1609 811 1649 847 in

173 875 414 914 audientium
435 876 597 915 animos.
654 878 706 915 Et
730 877 836 927 leges
858 889 1010 927 semper
1029 875 1084 914 ita
1110 875 1305 922 tractavit,
1334 880 1377 912 ut
1405 887 1471 912 eas
1500 873 1648 922 ubique

173 939 432 989 conjungeret
451 951 542 976 cum
562 951 692 985 causa,
714 946 754 976 et
772 938 1027 976 Timarchum
1048 937 1366 988 reprehenderet.
1411 937 1456 973 In
1472 935 1649 972 oratione

173 998 224 1036 de
239 997 338 1036 falsa
355 999 548 1049 legatione
570 1013 619 1037 ne
640 1000 800 1050 quidem
822 1000 1134 1050 propositionem
1155 999 1302 1049 posuit,
1326 997 1393 1036 sed
1415 997 1465 1035 ad
1487 996 1650 1035 crimina

174 1060 454 1099 Demosthenis
476 1061 531 1098 ita
550 1061 777 1112 respondet,
804 1068 848 1099 ut
867 1061 1028 1110 incipiat
1047 1060 1098 1098 ab
1119 1061 1176 1106 iis,
1200 1060 1345 1110 quibus
1366 1059 1531 1097 maxime
1553 1058 1650 1096 fide-

173 1122 256 1169 bat,
276 1135 299 1160 a
318 1122 538 1160 narratione
557 1122 607 1160 de
631 1135 730 1172 pace
759 1135 829 1173 per
855 1122 1121 1160 Philocratem
1149 1129 1190 1160 et
1217 1121 1528 1160 Demosthenem
1559 1134 1647 1158 cum

171 1184 357 1235 Philippo
380 1184 498 1230 facta,
527 1183 670 1223 deinde
697 1185 938 1235 reliquorum
961 1185 1166 1223 criminum
1186 1184 1461 1222 refutationem
1482 1183 1531 1221 de
1553 1183 1648 1221 Cer-

169 1246 351 1297 soblepte
377 1252 416 1284 et
446 1246 706 1284 Phocensium
734 1247 889 1285 excidio
912 1247 1039 1297 addit,
1066 1252 1106 1285 et
1125 1246 1317 1284 diluendo
1336 1245 1496 1284 crimine
1517 1244 1650 1295 prodi-

168 1307 288 1347 tionis
316 1307 586 1347 defensionem
613 1309 810 1347 terminat.
867 1309 972 1360 Ergo
1001 1307 1162 1359 ubique,
1198 1308 1309 1359 quod
1341 1308 1391 1346 ab
1418 1307 1529 1346 initio
1556 1306 1651 1351 dixi,

168 1370 335 1408 maxime
355 1370 532 1409 utilitatis
551 1371 591 1408 in
611 1370 828 1410 ordinanda
853 1371 1029 1410 oratione
1060 1371 1200 1409 habuit
1230 1370 1436 1419 rationem,
1473 1368 1581 1420 quod
1609 1369 1648 1406 in

168 1431 684 1483 orationibusjudicialibus
703 1434 818 1472 unice
838 1433 1082 1484 sequendum
1103 1440 1215 1485 puto.
1261 1434 1360 1480 Jam,
1384 1439 1428 1471 ut
1443 1431 1649 1471 artificium

171 1494 357 1533 orationis
399 1495 694 1546 quodammodo
733 1502 936 1548 appareat,
976 1497 1065 1535 loca
1104 1496 1286 1548 quaedam
1322 1495 1521 1541 indicabo,
1559 1508 1650 1545 quae

172 1557 339 1595 oratoris
357 1557 613 1596 calliditatem
633 1565 670 1596 et
690 1558 942 1608 prudentiam
969 1558 1173 1597 manifeste
1194 1560 1407 1597 declarant.
1466 1557 1649 1596 Difficilis

173 1631 265 1657 sane
287 1618 338 1657 ad
364 1619 639 1670 explicandum
673 1633 732 1658 res
767 1620 968 1671 magisque
999 1627 1091 1671 apta
1125 1621 1347 1672 interpretis
1377 1619 1648 1664 admonitioni,

173 1692 292 1731 quam
321 1680 562 1731 disputantis
594 1681 930 1721 demonstrationi.
988 1683 1197 1733 Ejusmodi
1227 1683 1328 1720 enim
1349 1683 1526 1721 locorum
1547 1695 1650 1733 prae-

171 1742 313 1781 stantia
340 1742 575 1794 plerumque
605 1744 741 1782 melius
780 1758 827 1782 ex
862 1750 960 1791 toto,
997 1758 1115 1795 quam
1151 1759 1198 1783 ex
1230 1745 1407 1796 partibus
1442 1745 1650 1795 separatim

171 1804 359 1854 spectatis
379 1804 649 1856 cognoscitur.
705 1805 913 1845 Neminem
932 1812 1063 1846 autem
1085 1814 1182 1857 puto
1202 1807 1284 1845 fore
1304 1807 1357 1845 ita
1378 1807 1505 1845 alieno
1522 1807 1651 1845 animo

168 1867 221 1905 ab
242 1867 442 1915 AEschine,
465 1868 559 1919 quin
580 1868 629 1915 ei,
651 1869 682 1907 si
702 1870 882 1920 reperiat,
903 1883 990 1909 eum
1012 1883 1116 1922 saepe
1143 1884 1220 1909 uno
1240 1871 1330 1909 loco
1352 1871 1431 1909 duo
1451 1877 1519 1909 aut
1539 1871 1652 1922 plura

166 1927 360 1977 effecisse,
381 1930 600 1981 prudentiae
616 1937 656 1970 et
674 1932 827 1982 peritiae
846 1933 1001 1972 laudem
1019 1934 1179 1973 tribuat.
1233 1935 1358 1985 Atqui
1378 1934 1417 1972 id
1435 1934 1651 1984 saepissime

172 1990 354 2042 perfecit.
412 1992 479 2031 Sic
507 1996 564 2042 (π.
584 1993 841 2046 Παραπρεσβ.
863 2002 890 2046 ξ.
915 1995 1002 2045 λδ.)
1030 2009 1077 2034 eo
1099 1996 1137 2034 in
1158 1997 1260 2043 loco,
1283 1997 1351 2035 ubi
1373 1997 1651 2035 Demosthenis

168 2053 401 2101 orationem,
426 2068 544 2106 quam
573 2056 612 2094 in
642 2057 814 2095 secunda
835 2058 1030 2109 legatione
1051 2058 1100 2097 ad
1125 2058 1351 2111 Philippum
1374 2060 1432 2098 sui
1452 2073 1651 2099 commen·

170 2113 291 2153 dandi
309 2128 428 2155 causa
447 2117 650 2165 habuerat,
672 2126 864 2166 recenset,
886 2120 1017 2158 denuo
1037 2120 1154 2159 factae
1175 2134 1246 2172 per
1266 2135 1354 2160 eum
1382 2128 1423 2160 et
1445 2122 1649 2160 Philocra-

169 2182 249 2216 tem
274 2191 363 2217 cum
391 2179 575 2231 Philippo
601 2181 711 2231 pacis
741 2187 782 2219 et
809 2182 1023 2228 societatis,
1060 2183 1180 2222 studii
1205 2197 1298 2234 erga
1324 2183 1410 2234 ejus
1435 2185 1585 2235 legatos
1610 2191 1650 2221 et

168 2239 332 2291 hospitii
361 2246 402 2279 et
434 2241 637 2280 criminum
667 2243 852 2290 omnium,
888 2258 978 2295 quae
1003 2245 1037 2282 ei
1057 2245 1185 2284 ’antea
1215 2246 1328 2298 (ibid.
1349 2254 1381 2298 §-
1402 2248 1465 2295 ζ’.)
1493 2246 1650 2296 objece-

167 2307 242 2349 rat,
261 2303 485 2341 memoriam
507 2310 666 2343 renovat
686 2311 727 2344 et
752 2305 876 2357 ipsius
905 2307 1116 2346 adversarii
1146 2309 1324 2347 oratione
1355 2315 1394 2347 et
1423 2308 1650 2347 testimonio

169 2366 294 2405 utitur
321 2366 372 2405 ad
407 2380 497 2406 eum
525 2369 835 2409 criminandum.-
883 2372 997 2419 Item,
1029 2372 1097 2411 ubi
1128 2373 1377 2425 Ctesiphonti
1412 2373 1651 2413 defensionis

169 2429 348 2468 ordinem
369 2431 606 2481 praescribit,
627 2431 736 2480 facit,
759 2439 802 2472 ut
821 2433 979 2483 judices
1001 2435 1174 2474 omnium
1196 2437 1458 2475 accusationis
1480 2438 1650 2488 partium

167 2491 433 2531 recordentur.
493 2494 579 2532 Jam
608 2507 697 2533 cum
718 2496 925 2546 judicibus
955 2503 995 2536 et
1023 2498 1100 2536 reis
1130 2511 1331 2538 assensum
1353 2506 1579 2550 extorquet,
1609 2507 1652 2537 ut

168 2553 304 2593 hocin
324 2555 428 2602 loco,
455 2556 523 2594 ubi
551 2557 637 2596 haec
668 2557 718 2596 ad
742 2557 902 2608 judices
925 2559 1042 2599 dicit:
1073 2564 1126 2610 (κ.
1145 2561 1315 2614 Τιμάρχ.
1347 2564 1377 2607 ξ.
1400 2563 1483 2611 ιγ’.)
1511 2564 1590 2612 περὶ
1612 2560 1653 2599 οὗ

166 2616 444 2667 (Hegesandri,
468 2619 567 2656 socii
594 2619 808 2669 Timarchi)
841 2622 967 2660 πάλαι
996 2621 1036 2661 εἷ’]
1059 2621 1125 2661 οἶδ’
1152 2624 1208 2662 ὅτι
1235 2622 1461 2675 θαυμάζετε,
1489 2624 1579 2661 διότι
1610 2627 1652 2661 οὐ

169 2679 372 2731 μέμνημαι.
403 2679 519 2724 οὕτως
538 2681 697 2732 ἐναργές
717 2682 833 2730 ἔστιν,
854 2685 874 2722 ὃ
894 2684 977 2736 ἐρῶ,
991 2691 1030 2723 et
1051 2686 1157 2731 alibi,
1176 2686 1243 2724 ubi
1259 2686 1308 2724 de
1331 2685 1590 2736 Ctesiphonte
1611 2694 1653 2724 et

171 2738 436 2780 Demosthene
457 2743 543 2781 haec
563 2744 759 2794 praedicat
785 2747 832 2794 (κ.
853 2746 1015 2799 Κτησιφ.
1039 2754 1072 2798 ξ.
1093 2750 1162 2796 οέ.)
1190 2750 1448 2799 περιέρχονται
1467 2751 1534 2794 τὴν
1562 2751 1654 2797 α”γο-

169 2801 244 2850 ράν
264 2802 423 2850 ἀληθεῖς
447 2807 523 2843 κατ’
546 2807 727 2851 ἀλλήλων
755 2809 910 2859 ἔχοντες
937 2808 1044 2855 δόξας
1076 2812 1134 2847 καὶ
1159 2812 1299 2857 λόγους
1333 2811 1374 2846 οὑ
1408 2809 1555 2859 ψευδεῖς
1589 2812 1653 2847 λέ-

170 2876 314 2909 γοντες.
343 2866 363 2902 ὁ
390 2867 462 2917 μὲν
481 2870 558 2918 ’γάρ
575 2868 779 2922 Κτησιφῶν
799 2869 842 2908 οὗ
861 2871 902 2908 τὸ
924 2873 1001 2908 καθ’
1022 2872 1137 2909 αὑτόν
1157 2880 1246 2923 φησι
1266 2870 1488 2923 φοβεῖσθαι·
1510 2872 1652 2915 ἐλπίζει

169 2927 248 2975 γάρ
264 2924 378 2973 δόξειν
399 2928 542 2977 ἰδιώτης
562 2929 671 2978 εἶναι,
694 2934 799 2972 dno?
819 2936 884 2979 τὴν
904 2940 968 2972 τοῦ
988 2933 1252 2985 Δημοσθένους
1267 2935 1308 2972 ἐν
1327 2937 1372 2983 τῇ
1392 2937 1562 2983 πολιτείᾳ
1582 2933 1649 2970 δω-

170 2986 343 3038 ροδοκίαν
362 2992 449 3041 φησὶ
468 2991 674 3043 φοβεῖσθαι
695 2997 754 3032 καὶ
774 2998 840 3042 τὴν
859 2996 1070 3047 ἐμπληξίαν
1091 2998 1148 3033 καὶ
1171 2996 1351 3036 &illaturi
1389 2997 1428 3034 δὲ
1459 2997 1651 3047 Δημοσθέ-

228 3058 333 3089 VOL.
357 3061 385 3090 1.
878 3057 903 3082 ξ
922 3057 956 3107 f
