1981 3322
753 196 1089 239 PRAEFATIO.
1600 208 1654 235 xv

184 301 324 341 dandis
345 301 582 356 (interventu
611 305 856 344 librariorum
888 305 940 343 nil
968 304 1032 343 hic
1061 316 1162 355 opus
1191 308 1272 348 est:
1309 302 1478 353 denique
1508 316 1585 340 non
1615 304 1653 341 in

183 364 353 403 obscuro
373 366 543 416 quodam
568 373 608 405 et
631 367 793 417 ignobili
823 367 923 418 dego
953 368 1110 418 angulo,
1140 365 1206 404 sed
1238 365 1278 403 in
1308 365 1404 403 urbe
1427 366 1651 403 Germaniae

183 427 451 475 celeberrima,
473 429 620 479 Lipsia)
640 428 896 479 profiteantur
923 429 1039 467 modo
1071 443 1110 468 se
1133 428 1285 466 futuros
1317 433 1495 473 emtores,
1517 427 1565 465 de
1585 442 1654 478 pe-

184 489 298 527 cunia
328 490 526 528 reddenda
556 497 730 538 caveant,
755 492 936 542 viamque
965 497 1006 529 et
1034 490 1341 542 oportunitatem
1370 489 1654 536 demonstrent,

183 563 260 600 qua
277 552 510 602 exemplaria
523 552 613 590 illuc
631 552 871 591 deferantur.
910 554 1094 591 Paratum
1115 553 1312 591 invenient
1333 551 1504 589 studium
1526 564 1652 589 meum

184 612 277 662 ipsis
305 613 552 653 inserviendi.
609 616 644 652 A
666 616 800 662 Danis,
829 616 979 662 Suecis,
1002 615 1153 660 Russis,
1176 614 1350 659 Polonis,
1379 613 1476 651 nihil
1506 613 1654 651 adhuc-

185 675 277 712 dum
297 676 576 726 exemplarium
597 683 656 715 est
674 677 929 728 postulatum.
965 678 1011 714 In
1032 676 1219 728 Angliam
1240 675 1327 714 misi
1348 674 1508 725 triginta
1525 687 1654 712 exem-

184 735 317 786 plaria,
346 737 468 775 dubia
497 751 579 789 spe,
601 739 762 777 Leidam
790 753 943 786 novem,
965 738 1302 777 Amstelodamum
1333 743 1518 787 quatuor,
1549 736 1655 773 Pari·

183 798 260 836 sios
281 798 375 837 duo.
432 800 522 838 Hoc
551 814 664 839 omne
684 809 745 840 est
776 802 893 852 hujus
914 802 1057 853 operis,
1079 801 1188 852 quod
1220 800 1268 838 ad
1291 806 1445 838 exteros
1465 799 1654 849 pervenit,

185 861 257 899 nisi
285 862 316 900 si
337 862 432 912 quid
462 863 595 902 amicis
616 877 775 915 peregre
796 865 902 903 dono
929 864 1024 902 misi.
1080 866 1166 904 Jam
1189 863 1294 901 dabo
1313 861 1472 900 nomina
1492 868 1571 899 tam
1589 874 1655 899 eo-

183 936 280 969 rum,
295 925 361 975 qui
382 933 721 976 praenumerarunt
735 928 956 978 pecuniam,
972 926 1040 978 qui
1061 927 1168 965 fuere
1188 926 1318 978 pauci,
1336 938 1451 976 quam
1469 924 1536 975 qui
1549 929 1654 974 post,

184 986 379 1025 volumine
399 1001 561 1038 quoque
583 988 669 1038 jam
688 989 894 1035 absolut0;
925 989 1011 1027 illos
1041 989 1140 1027 adeo
1161 989 1282 1039 ipsos,
1305 988 1373 1038 qui
1393 986 1656 1025 voluminibus

184 1047 414 1087 insecuturis
435 1051 718 1097 renuntiarunt,
739 1051 846 1102 gregi
866 1050 1072 1096 immiscui,
1093 1050 1236 1100 pudori
1256 1063 1391 1088 eorum
1407 1061 1584 1099 parcens,
1607 1060 1655 1084 ne

186 1117 442 1161 quererentur
462 1126 502 1151 se
523 1126 544 1151 a
564 1127 626 1152 me
646 1113 808 1164 publice
830 1113 943 1164 quasi
963 1118 1119 1152 notatos
1136 1112 1270 1150 fuisse.
1330 1110 1481 1161 Singuli
1508 1109 1658 1161 singula

185 1173 420 1223 exemplaria
439 1180 721 1227 poposcerunt,
741 1174 816 1213 nisi
838 1175 905 1214 ubi
922 1188 1128 1214 numerum
1148 1187 1330 1226 expresse
1351 1173 1498 1212 indico.

240 1301 433 1347 Abresch,
457 1302 606 1341 Rector
625 1303 833 1356 Gymnasii
854 1304 1055 1343 Zwollani.

239 1363 387 1410 Andre,
412 1364 726 1417 Goettingensis.

238 1425 434 1473 Andreae,
457 1428 639 1466 librarius
660 1429 690 1466 F
693 1428 982 1468 rancfurtanus.

238 1489 360 1541 Bang,
384 1490 589 1542 Marburgi
604 1491 652 1530 V.
669 1493 721 1530 D.
743 1492 799 1530 Μ.

239 1551 544 1599 Bartholomaei,
566 1553 888 1592 bibliothecarius
909 1554 1033 1592 Ducis
1052 1554 1353 1593 Weimariensis.

241 1613 381 1658 Bauer,
399 1614 735 1665 Superintendens
753 1616 1002 1654 Cathedralis
1023 1616 1307 1654 Wurzenensis.

239 1675 380 1721 Bauer,
401 1675 580 1714 librarius
601 1677 932 1729 Strasburgensis.

240 1737 279 1774 S.
303 1736 423 1774 Blasii
444 1738 593 1785 Abbas,
617 1739 658 1778 S.
675 1740 723 1777 R.
740 1740 773 1778 I.
794 1740 997 1791 Princeps.

240 1798 408 1850 Blessig,
430 1802 478 1838 A.
495 1801 554 1838 M.
576 1801 908 1853 Strasburgensis.

240 1863 389 1909 Boden,
412 1863 615 1902 Professor
635 1864 973 1916 Wittebergensis.

239 1925 368 1975 Bohn,
389 1925 570 1964 librarius
592 1927 919 1977 Hamburgensis.

239 1987 456 2039 Boettiger,
478 1990 526 2026 A.
550 1990 607 2027 M.
630 1989 779 2028 Rector
799 1989 1007 2041 Gymnasii
1029 1989 1329 2029 Miihlhauseni.

239 2050 436 2102 Briegleb‚
459 2051 667 2090 Professor
688 2052 972 2103 Coburgensis,

241 2113 416 2158 Brunck,
440 2114 558 2165 Regis
589 2114 912 2153 Christianissimi
941 2114 1194 2154 Consiliarius
1222 2128 1350 2154 rerum
1375 2114 1601 2154 bellicarum
1622 2122 1661 2153 et

292 2174 497 2222 fiscalium,
521 2177 759 2228 Strasburgi.

240 2237 454 2289 ffisching,
478 2239 660 2278 Director
679 2239 990 2291 Gymnasiorum
1013 2240 1337 2279 Berolinensium.

240 2300 453 2347 Cesarotti,
477 2301 683 2340 Professor
703 2303 927 2340 Patavinus.

241 2363 385 2410 Cober,
406 2364 466 2402 M.
488 2366 537 2403 A.
560 2364 771 2416 Gymnasii
792 2364 1001 2403 Budisseni
1022 2365 1254 2404 Conrector.

242 2425 499 2477 Culencamp,
517 2426 723 2465 Professor
739 2427 1053 2479 Goettingensis.

241 2487 392 2535 Delius,
414 2489 543 2528 Halae.

243 2551 391 2599 Dohm,
411 2553 677 2604 Westphalus.

242 2615 421 2666 Ebeling,
445 2615 775 2666 Superintendens
797 2616 1125 2667 LiineburgensiS.

241 2677 379 2724 Ebert‚
399 2677 605 2717 Professor
624 2677 944 2717 Brunswicensis.

244 2738 342 2785 Eck,
364 2739 470 2778 Prof.
488 2740 722 2792 Lipsiensis.

245 2800 411 2849 Ernesti,
431 2803 603 2854 (August
624 2803 820 2851 Wilhelm)
840 2802 1044 2841 Professor
1061 2802 1204 2854 Eloqu.
1219 2803 1325 2853 Lips.

247 2862 513 2916 Eschenburg,
542 2865 726 2916 magister
750 2865 941 2915 juvenum
974 2864 1163 2903 nobilium
1191 2865 1229 2903 in
1261 2864 1445 2903 Carolino
1466 2864 1663 2903 Bruuswi-

301 2938 424 2964 censr.

249 2987 459 3038 Eugenius,
481 2989 750 3040 Corcyrensis,
772 2988 1105 3035 Archimandrita,
1127 2988 1212 3027 tria.
