1932 3322
465 392 571 445 ΙΟ.
615 391 906 445 IACOBI
948 390 1267 446 REISKII

841 543 886 563 Al>

208 641 765 692 AE-SCHINIS
839 642 1501 691 ORATIONEM

419 778 548 824 QUAE
577 777 677 816 EST
705 778 815 816 PRO

847 777 949 816 SUA
981 776 1308 816 LEGATIONE

572 904 1143 960 ANNOTATA.

773 1058 944 1069 —...-—-

773 1069 945 1078 ..---

165 1170 191 1210 §.
207 1169 236 1199 ίι.
252 1179 282 1208 p.
297 1172 349 1200 34.
365 1180 393 1198 v.
409 1178 480 1208 pen.
496 1167 704 1209 προειρημένας]
728 1168 840 1197 Potest

122 1213 208 1248 ferri,
223 1213 330 1242 nescio
347 1218 459 1247 tamen,
476 1223 513 1241 au
531 1216 656 1251 praestet
672 1210 839 1251 πςοσ-εῤῥιμ-

118 1254 220 1296 μένας,
233 1257 391 1295 adspersas,
406 1266 424 1285 a
444 1254 655 1296 ωροσρίωτεινε
679 1255 726 1283 vel
748 1264 839 1293 7rgoer-

120 1297 290 1340 ηςτημέναις,
314 1308 467 1338 appensas,
483 1296 599 1338 affixas,
623 1308 642 1327 a
656 1296 838 1337 ωςοσαςτᾲἷν.

163 1341 192 1381 §.
207 1340 245 1378 γ’.
260 1353 290 1382 p.
308 1344 360 1372 86.
371 1352 404 1371 v.
421 1343 452 1372 2.
465 1342 508 1381 τῷ
522 1341 590 1382 βίῳ]
607 1341 645 1371 V.
662 1351 690 1370 κ.
703 1341 838 1382 Τιμάρχ.

119 1394 151 1424 p.
167 1388 221 1415 44.
235 1395 266 1415 v.
287 1386 337 1416 15.
354 1395 441 1424 seqq.

163 1428 238 1458 ibid.
255 1439 285 1459 v.
303 1424 526 1468 &vetvsta-m]
551 1428 589 1457 V.
605 1438 633 1457 ιι.
650 1426 785 1468 Τιμάρχ.
806 1437 838 1466 p.

118 1473 174 1502 52.
194 1482 227 1502 v.
245 1474 296 1503 18.

163 1513 190 1554 §.
208 1513 231 1544 ἑ.
249 1526 278 1555 p.
298 1516 350 1546 86.
367 1524 396 1543 v.
414 1516 466 1544 21.
489 1513 596 1555 ἄλλης]
623 1514 707 1543 Bene
732 1513 836 1543 habet.

119 1558 170 1588 De
193 1557 321 1597 reliquis
343 1556 551 1587 accusationis
577 1556 745 1596 capitibus,
770 1566 838 1596 quae

114 1601 245 1631 diversa
257 1605 290 1631 et
303 1600 404 1630 aliena
416 1608 489 1631 sunt
505 1602 544 1630 ab
558 1601 615 1630 hoc
632 1600 744 1640 capite,
754 1599 837 1638 quod

118 1644 151 1674 in
166 1643 295 1674 muliere
311 1643 367 1674 illa
373 1644 567 1696 Olynthiaca
583 1648 735 1673 versatur.

161 1687 238 1717 ibid.
253 1699 284 1718 v.
300 1687 356 1717 ult.
372 1686 419 1728 ἂν]
444 1687 542 1717 Plane
557 1687 700 1717 Latinum
714 1697 755 1716 an
770 1686 800 1716 b.
816 1687 837 1716 l.

118 1734 179 1760 est.

162 1774 188 1813 §.
206 1771 243 1813 ζ’.
257 1784 290 1812 p.
307 1775 361 1804 89.
376 1784 405 1803 v.
424 1774 476 1804 15.
491 1773 593 1814 τοῦτο]
616 1773 690 1803 Scil.
707 1772 741 1802 τό
757 1772 837 1813 πέμ-

118 1826 180 1846 πειν
191 1815 265 1857 δεῦρο
278 1815 412 1857 πρέσβεις
427 1815 496 1857 ὑπὲρ
507 1818 559 1851 τῆς
573 1816 680 1855 εἷξίινης.

161 1859 238 1889 ibid.
263 1870 293 1889 v.
318 1862 371 1890 18.
393 1858 548 1901 ἐπέθηκαν]
573 1860 762 1889 Harleianus
785 1870 839 1889 co-

117 1902 194 1939 dex,
216 1903 365 1933 bonitatis
391 1914 450 1933 non
471 1903 716 1938 contemnendae,
740 1904 836 1933 verbo

117 1945 176 1976 boc
191 1951 286 1976 caret.
303 1946 386 1985 quod
400 1957 468 1976 cum
485 1947 524 1976 ad
541 1946 722 1976 sententiam
735 1946 836 1976 minus

119 1989 161 2019 sit
180 1990 400 2025 necessarium,
417 1990 506 2029 eique
527 2000 615 2029 paene
643 1989 766 2025 officiat,
782 2000 837 2029 pa-

117 2042 248 2072 rumque
260 2034 425 2062 conveniat
434 2033 541 2063 Attico
553 2033 698 2072 loquendi
709 2033 797 2068 mori,
811 2033 838 2063 si

119 2075 240 2106 dicatur
253 2074 424 2106 ἐπιτιθέναι
444 2075 482 2117 τῇ
503 2076 599 2116 γςιιφῇ
613 2073 748 2116 τίμημα,
764 2076 837 2106 ideo

121 2120 249 2149 verbum
265 2118 334 2154 hoc,
348 2124 381 2148 ut
397 2129 658 2159 supervacaneum
678 2124 710 2148 et
726 2119 837 2149 vitiose

118 2166 270 2197 assutum,
286 2162 375 2192 uncis
393 2162 518 2192 inclusi.
555 2163 646 2201 Quod
665 2163 793 2192 verbum
810 2162 837 2192 si

119 2204 188 2244 quis
216 2205 384 2235 contendat
413 2206 592 2241 defendere,
618 2205 784 2235 dicendum
809 2205 838 2235 ei

120 2248 192 2283 erit,
207 2247 238 2277 in
255 2247 394 2279 ἐπέθηκαν
409 2259 468 2279 ιιοιι
489 2248 650 2279 subaudiri
672 2248 711 2290 ⁷57
730 2249 838 2290 γραφῇ,

120 2291 176 2320 sed
200 2290 245 2331 τῷ
266 2293 443 2334 Φιλοκράτει.
476 2292 604 2329 Verum,
620 2296 775 2331 utcunque
791 2293 839 2322 di-

119 2334 254 2364 ctionem
274 2335 352 2364 hanc
374 2336 550 2373 considero,
570 2336 651 2365 male
671 2346 839 2375 congruen-

120 2382 183 2407 tem
198 2377 242 2407 rei
257 2379 406 2417 praesenti
425 2379 636 2419 deprehendo.
665 2380 737 2409 Non
757 2379 838 2409 enim

121 2426 252 2456 actores,
267 2421 315 2451 vel
330 2427 538 2458 accusatores,
551 2432 616 2458 reo,
629 2421 696 2452 sive
711 2422 837 2459 homini,

122 2463 188 2494 sive
203 2464 341 2501 decreto,
353 2464 518 2496 ἐπιτιθέασι
530 2467 619 2506 τιμὴν
630 2465 773 2495 mulctam
784 2467 839 2496 im-

121 2513 249 2545 ponunt,
261 2508 316 2537 sed
325 2508 450 2547 judices
461 2509 544 2539 dicta
557 2509 719 2538 sententia.
746 2512 839 2539 Acto-

121 2559 172 2579 res
197 2550 388 2581 solummodo
413 2550 617 2593 ἐπιγςίιφονται
641 2554 739 2591 τιμὴν,
760 2554 839 2582 mul-

123 2596 203 2622 ctam
225 2594 391 2631 nominant,
409 2606 469 2635 qua
486 2600 612 2625 censent
628 2596 754 2635 dignum
772 2596 838 2627 sive

123 2646 209 2666 reum
224 2636 391 2674 hominem,
412 2639 479 2669 sive
496 2639 654 2669 decretum
671 2638 741 2669 vitii
764 2639 839 2669 insi-

123 2680 282 2709 mulatum.

166 2721 192 2761 ἑ.
207 2722 232 2752 ἦ.
245 2733 278 2762 p.
291 2725 344 2753 90.
357 2734 386 2754 v.
400 2727 431 2755 9.
449 2724 603 2774 ικετηρίας]
627 2726 758 2765 Recepi,
770 2726 841 2765 qnia

124 2765 162 2794 ab
179 2766 421 2806 uniuscujusque
433 2768 617 2798 necessariis
631 2770 706 2799 rami
723 2769 840 2809 suppli-

125 2809 233 2838 catorii
249 2810 491 2848 deponebantur.

167 2850 242 2881 ibid.
258 2863 288 2882 v.
308 2854 358 2883 13.
373 2864 421 2882 και
433 2852 640 2894 φιλανθρωπίαν
654 2856 706 2890 τῆς
719 2853 839 2896 τέχνης]

126 2893 247 2924 Durum
267 2895 326 2925 hoo
351 2901 382 2926 et
404 2896 595 2927 intolerabile
617 2899 692 2928 mihi
718 2898 841 2928 accidit.

126 2935 260 2967 Videtur
282 2943 354 2977 post
376 2944 441 2980 φιλ.
464 2940 575 2970 deesse
599 2952 646 2970 και
667 2940 770 2982 ἔρωτα,
790 2946 842 2972 aut

133 2978 182 3008 καὶ
195 2981 283 3020 τιμὴν
297 2992 393 3012 umore
406 2983 491 3019 artis,
501 2987 553 3013 aut
567 2984 601 3015 ob
614 2984 705 3016 honor
706 2995 749 3015 em
757 2987 841 3016 artis.

179 3032 254 3054 vor..
273 3034 296 3054 1.

914 1167 991 1197 ibid.
1006 1178 1038 1197 v.
1056 1170 1108 1198 19.
1130 1168 1196 1202 τοὺς
1215 1167 1317 1202 αὐτοὺς
1340 1167 1452 1209 λόγους]
1478 1168 1592 1204 Quales

872 1211 941 1240 scil.
958 1214 1048 1240 antea
1065 1221 1105 1239 ex
1125 1220 1176 1240 ore
1192 1211 1369 1250 Phrynonis
1386 1211 1545 1246 retulerat,
1561 1217 1592 1242 et

871 1254 1082 1293 Ctesiphontis
1107 1259 1139 1283 et
1164 1254 1334 1292 legatorum
1357 1253 1592 1284 Eretriensium.

871 1308 902 1327 v.
922 1308 954 1337 p.
970 1299 1022 1328 89.
1040 1308 1070 1328 v.
1087 1299 1119 1327 7.
1136 1299 1216 1337 παξὲ
1233 1307 1268 1326 an
1294 1296 1363 1338 νιπέρὶ
1386 1297 1447 1338 leg.
1466 1297 1505 1327 sit
1529 1308 1591 1327 am-

871 1341 958 1379 bigo.

913 1383 940 1422 §.
959 1382 1000 1413 θ’.
1015 1394 1046 1423 p.
1072 1386 1124 1414 91.
1146 1395 1177 1414 v.
1203 1386 1254 1415 13,
1277 1383 1413 1425 ἀζήμιος]
1438 1383 1590 1414 Civitates

870 1427 1009 1466 quaedam
1033 1429 1153 1457 Graecae
1171 1427 1406 1457 Aristodemum
1433 1427 1591 1457 conduxe-

870 1475 948 1506 rant,
962 1474 996 1499 ut
1011 1481 1067 1509 per
1083 1471 1174 1500 ludos
1190 1470 1308 1500 civitati
1322 1471 1432 1509 cuique
1446 1471 1591 1509 proprios

869 1514 989 1543 fabulas
1005 1513 1147 1550 doceret,
1165 1514 1195 1543 ni
1211 1513 1316 1548 saciat,
1332 1514 1455 1543 mulctae
1470 1514 1591 1544 futurus

871 1557 1037 1587 obnoxius.
1076 1557 1282 1587 Athenienses
1295 1556 1400 1596 itaque
1417 1557 1536 1596 legatos
1553 1557 1591 1587 ad

869 1601 924 1630 has
949 1600 1092 1630 civitates
1109 1601 1319 1630 decernebant
1339 1601 1517 1637 mittendos,
1536 1600 1590 1640 qui

869 1654 927 1683 pro
945 1644 1142 1674 Aristodemo
1158 1645 1411 1684 deprecarentur,
1429 1650 1461 1673 ut
1478 1644 1502 1673 si
1521 1644 1589 1674 fun-

871 1687 901 1727 gi
916 1687 1031 1716 muniis
1045 1693 1076 1717 et
1092 1692 1184 1726 pacto
1202 1687 1381 1717 satisfacere
1401 1687 1500 1716 minus
1519 1697 1591 1726 pos-

870 1736 931 1766 set,
961 1741 998 1760 ne
1021 1731 1123 1760 fraudi
1149 1741 1185 1761 ea
1208 1741 1260 1760 res
1284 1731 1347 1770 ipsi
1368 1735 1463 1766 esset,
1479 1735 1513 1760 ut
1537 1731 1591 1770 qui

870 1774 949 1813 reip.
965 1784 1060 1804 causa
1077 1774 1106 1803 in
1122 1774 1279 1813 legatione
1295 1775 1429 1804 abesset.

914 1828 947 1856 p.
960 1819 1011 1847 92.
1023 1829 1052 1846 v.
1067 1820 1097 1847 1.
1107 1823 1288 1848 ΨΗΦΙΣΜΑ.
1313 1817 1591 1858 ΕΚΜΑΡΤΥΡΙΑΙ.]

872 1860 952 1890 Dedi
971 1860 1170 1899 ψηφισματοι.
1186 1871 1372 1901 εκμαρτυρια.
1391 1871 1421 1889 v.
1438 1871 1518 1890 vers.
1540 1864 1591 1890 17.

872 1916 900 1944 p.
918 1906 970 1934 91.
998 1904 1058 1933 Cui
1076 1904 1152 1934 addi
1164 1904 1254 1933 velim
1272 1902 1437 1943 Μαρτυρίαι.

914 1946 941 1986 ᾧ.
957 1946 974 1977 ι’.
993 1958 1023 1985 p.
1041 1949 1093 1977 9‘2.
1116 1958 1145 1978 v.
1166 1950 1217 1977 12.
1239 1946 1423 1988 παρανόμων]
1452 1947 1493 1976 V.
1508 1957 1592 1977 vers.

875 1993 923 2020 17.
942 2001 974 2030 p.
991 1993 1044 2022 89.

913 2034 990 2064 ibid.
1004 2045 1034 2065 v.
1053 2036 1103 2064 14.
1121 2033 1219 2074 οἶμαι]
1242 2034 1314 2063 Non
1332 2034 1420 2063 male.
1436 2034 1591 2063 redundat

870 2076 924 2106 illa
939 2087 1002 2106 vox
1028 2087 1124 2116 saepe,
1149 2078 1253 2106 Attica
1276 2077 1406 2115 quadam
1429 2077 1591 2115 elegantia,

871 2121 961 2158 cujus
979 2120 1040 2150 vim
1058 2119 1171 2159 ubique
1183 2122 1320 2150 locorum
1336 2119 1417 2149 haud
1434 2120 1524 2148 facile
1539 2130 1591 2149 ne-

872 2173 931 2201 que
952 2163 1120 2203 percipias,
1146 2173 1247 2203 neque
1273 2163 1396 2193 reddas.
1430 2164 1592 2192 Verumta-

872 2217 939 2236 men
953 2207 1026 2245 quia
1041 2206 1186 2236 codices'
1178 2218 1209 2237 m
1226 2211 1296 2246 ἠμεν
1312 2206 1518 2241 consentiunt,
1531 2207 1590 2235 hoc

872 2250 1004 2290 praetuli.

915 2293 991 2322 ibid.
1021 2303 1051 2322 v.
1081 2292 1137 2323 ult.
1169 2295 1248 2333 ἡμᾶς
1277 2304 1333 2323 των
1361 2290 1589 2332 συμπρέσβεων]

871 2336 947 2366 Tria
962 2337 1028 2366 haec
1040 2338 1146 2373 verba,
1157 2342 1189 2367 nt
1202 2337 1370 2376 superflua,
1385 2341 1416 2365 et
1432 2346 1448 2365 e
1465 2335 1591 2365 scholiis

873 2380 998 2415 inserta,
1015 2379 1100 2410 uncis
1112 2379 1237 2411 inclusi.

916 2434 948 2463 p.
966 2426 1017 2454 93.
1039 2434 1070 2453 v.
1088 2424 1121 2454 5.
1146 2422 1296 2465 ὁλοσχοίνῳ
1319 2420 1450 2463 ἀβρόχῳ]
1474 2421 1591 2451 Juncus

873 2467 970 2496 durus
984 2472 1016 2496 et
1029 2467 1153 2506 rigidus
1167 2478 1222 2506 per
1234 2476 1342 2496 carnes
1358 2466 1536 2500 transfixus,
1554 2475 1591 2495 eo

873 2510 943 2549 plus
960 2510 1102 2540 dotorum
1118 2516 1212 2546 creat,
1235 2509 1371 2549 ligatque
1392 2508 1513 2543 fortius,
1531 2519 1591 2547 quo

874 2559 921 2583 est
939 2553 1070 2593 rigidior
1091 2554 1253 2593 minusque
1276 2553 1370 2582 cedit.
1395 2552 1590 2581 humectatus

874 2602 974 2626 autem
992 2601 1024 2626 et
1039 2596 1173 2627 debilius
1190 2596 1286 2627 vincit
1301 2600 1333 2625 et
1349 2594 1472 2624 mollius
1485 2601 1589 2625 vexat.

917 2640 942 2680 §.
955 2640 995 2669 ιᾶ..
1013 2650 1044 2679 p.
1055 2642 1108 2671 93.
1120 2651 1150 2670 v.
1164 2650 1235 2679 pen.
1251 2639 1299 2668 mi
1315 2637 1438 2677 τούτοις]
1460 2639 1590 2677 Longis-

876 2683 953 2713 sime
965 2683 1176 2713 circumducta
1192 2684 1257 2712 haec
1271 2682 1462 2721 parenthesis
1476 2681 1591 2711 desinit

875 2727 907 2756 in
924 2727 1019 2756 verbo
1036 2727 1212 2763 αἰτιάσομαι
1230 2735 1321 2755 versu
1340 2727 1368 2754 9.
1385 2735 1417 2763 p.
1436 2725 1487 2755 95.

917 2780 948 2809 p.
967 2772 1019 2800 94.
1043 2781 1073 2799 v.
1098 2773 1129 2800 4.
1151 2771 1215 2804 τοὺς
1237 2769 1306 2810 γὰρ]
1333 2769 1392 2797 Est
1411 2767 1591 2797 Latinorum

876 2823 988 2852 nempe,
1004 2812 1054 2842 vel
1079 2814 1196 2843 scilicet.
1236 2813 1293 2841 Est
1309 2811 1425 2841 ironica
1449 2810 1591 2841 recitatio

877 2856 1094 2892 excusationis,
1117 2866 1177 2895 qua
1200 2855 1425 2885 Demosthenes
1447 2854 1493 2883 uti
1515 2855 1594 2884 sole-

877 2905 924 2929 ret
945 2899 982 2929 ad
1007 2899 1203 2928 molliendam
1220 2903 1250 2928 et
1265 2897 1499 2937 abstergendam
1515 2897 1594 2927 invi-

877 2943 958 2972 diam
983 2942 1139 2978 facinoris,
1155 2943 1243 2981 cujus
1264 2952 1333 2972 eum
1355 2941 1520 2971 AEschincs
1543 2941 1592 2969 hic

877 2996 963 3015 reum
979 2985 1064 3022 facit,
1083 2985 1221 3026 perfidiae¹
1242 2991 1316 3025 puta
1338 2995 1411 3025 erga
1435 2990 1594 3015 consortes

881 3030 899 3048 *
917 3032 935 3059 ‘2
954 3039 974 3058 x
