1932 3322
346 190 431 233 AD
465 190 562 232 ΟΒ.
593 189 785 232 AESCH.
817 188 938 230 PRO
972 188 1089 230 SUA
1124 189 1333 232 LEGAT.
1460 182 1570 238 349

108 283 155 315 vit
178 282 258 312 hunc
285 290 388 311 casnm
411 279 569 322 praemisso
590 278 724 315 ποιεῖσθε,
750 289 819 309 nam

108 326 181 356 alias
209 324 358 354 sententia
386 324 564 363 postulabat
598 323 819 352 accusativum.

105 368 222 409 pendet
236 367 316 398 enim
338 378 377 397 ex
391 366 492 406 δέομαι
506 366 555 395 καὶ
570 365 710 399 ἀντιβολῶ
731 367 820 406 ὑμᾶς,

105 410 202 442 σῶα-αι’
215 421 255 451 με
264 408 556 450 -ἇναμνησθέντας,

148 454 227 484 ibid.
242 456 294 488 τῆς
307 452 480 494 σωφροσύνης
494 450 685 491 παράκλησιν]
713 450 753 481 Id
773 455 821 481 est

105 498 157 528 viv
171 495 237 537 πςός
255 496 427 538 σωφροσύνην
447 506 494 531 νη,
509 495 610 528 αὐτοὺς
630 505 647 524 e
667 494 818 534 Chrysoc.

107 539 223 570 addidi.

147 582 226 613 ibid.
238 592 269 612 v.
281 584 333 613 14.
344 582 390 612 διὰ
399 582 449 615 τῆς
460 580 520 621 περὶ
530 578 680 621 Τίμαρχον
690 580 818 621 κρίσεως]

106 625 197 664 Saepe
221 624 383 664 usurpavit
406 624 586 659 AEschines‚
610 629 643 653 nt
665 624 715 653 hic
745 624 818 659 loci,

105 668 176 710 περὶ
189 679 226 698 eo
248 669 353 704 modo,
376 678 435 706 qno
458 667 624 707 scriptores
646 667 819 706 praesertim

102 711 285 742 recentioris
300 709 475 741 Graecitatis
487 711 586 740 solent
600 712 680 740 κατὰ
690 721 819 749 usurpa-

102 765 150 791 re,
163 765 232 785 cum
243 755 350 785 volunt
362 753 531 793 genitivum
544 752 729 793 exprimere,
742 759 775 784 ut
787 754 818 784 in

42 799 47 803 ’
102 797 158 828 illo
183 802 268 834 noto,
296 797 330 827 τὸ
358 799 438 827 κατὰ
467 796 620 827 Ματθαῖον
647 796 817 836 εὐαγγέλιον,

103 840 195 878 Quod
212 841 291 871 sicui
305 840 408 871 minus
423 840 580 880 probetur,
592 844 698 871 auctor
708 841 737 871 ei
747 841 816 877 sim,

101 888 137 914 ut
151 883 236 923 legat
249 884 295 915 διὰ
309 886 361 918 τῆς
373 885 429 913 τῶν
443 883 505 923 weg}
519 885 556 914 Τ.
571 895 613 924 up.

132 926 248 957 ibid.v.
256 928 308 958 15.
318 928 382 962 τοὺς
390 925 413 957 δ’
420 926 524 961 ἄλλους
533 926 687 969 ἅπαντας]
697 927 761 958 Aut
769 931 818 958 est

853 279 930 319 ὑμῶν
945 282 992 308 est
1007 278 1129 308 delend.

896 323 922 362 ᾗ.
937 321 985 362 νζ.
1000 332 1030 360 p.
1050 324 1121 352 154.
1134 333 1165 352 v.
1176 327 1315 362 antepen.
1328 324 1387 358 τοῖς
1395 324 1475 367 ἔστὶν]
1496 327 1568 356 Hoc

856 371 914 400 est,
940 365 1126 398 immediate,
1148 371 1182 394 ut
1209 366 1303 405 vulgo
1324 367 1500 406 loquuntur,
1527 379 1569 399 ex

854 408 922 447 ipso
936 409 1147 438 convitiatoris
1164 418 1229 443 ore,
1245 419 1302 438 non
1315 420 1372 448 per
1385 412 1505 442 tertium
1519 423 1570 442 re-

853 452 1010 481 ferentem.

897 505 929 533 p.
946 497 1018 525 155.
1034 505 1063 524 v.
1077 497 1110 524 4.
1123 493 1222 533 εἰπὼν]
1245 494 1354 524 Malim
1371 493 1502 527 ἐπειπών.

897 537 923 576 §.
939 537 992 567 νῶθ’.
1009 548 1040 576 p.
1056 539 1130 567 155.
1147 548 1177 566 v.
1197 538 1248 567 15.
1264 539 1446 578 στξατηγέν]
1461 540 1567 570 Malim

853 583 1041 620 στρατηγιῶν,
1054 591 1071 610 a
1081 580 1269 610 nominativo
1281 581 1451 620 στρατηγία.
1469 583 1568 614 virum

854 624 995 653 omnibus
1021 624 1253 654 antecellentem
1285 623 1321 664 1)
1346 635 1401 663 per
1427 625 1568 665 imperia,

853 678 920 706 qnae
938 667 1046 707 gessit,
1063 667 1227 705 militaria;
1251 668 1305 697 sed
1323 672 1355 697 et
1370 667 1404 707 2¹)
1416 678 1472 707 per
1486 669 1568 708 aeqni

853 716 883 740 et
902 710 980 749 justi
1004 710 1240 747 observantiam,
1268 712 1355 750 cujus
1378 715 1470 741 tenax
1497 712 1567 742 suit.

852 753 950 790 Alias,
962 753 1136 783 Marklandi
1146 755 1351 793 conjecturam
1366 753 1392 783 si
1409 755 1569 794 praeferas,

851 796 1014 836 legendum
1024 802 1123 828 tamen
1136 797 1177 827 sit
1189 799 1396 839 στρατηγικῶν,
1408 797 1480 837 quia
1488 809 1568 838 prae-

851 841 947 871 cessit
962 842 1124 871 πολιτικῶν.

893 883 969 914 ibid.
985 895 1013 914 v.
1028 895 1100 924 pen.
1112 882 1301 924 πιιξαδίδωσιν
1313 884 1380 924 ὑμῖν
1388 883 1438 914 καὶ
1449 883 1505 923 ἐγὼ
1516 884 1566 914 καὶ

851 926 864 956 ὅ
883 926 980 969 νόμος]
1005 928 1075 957 Non
1099 932 1148 957 est
1174 927 1379 962 soloecismus,
1401 927 1454 967 qni
1478 927 1566 957 visns

103 970 331 1007 anacoluthum,
355 975 409 1000 aut
431 970 625 1001 accusativus
646 971 815 1008 absolutus,
847 970 909 1000 fuit
918 971 1114 1006 Marklando,
1127 971 1181 1001 sed
1190 970 1347 1010 syllepsis,
1357 970 1454 1010 figura
1466 981 1567 1010 gram-

105 1012 293 1052 significans,
308 1014 384 1055 quod
393 1019 493 1044 autem
507 1014 548 1044 ad
562 1014 686 1056 reliquos
699 1016 815 1045 attinet.

146 1066 178 1096 p.
195 1057 269 1088 154.
290 1067 323 1088 v.
344 1059 398 1089 18.
421 1056 496 1098 σεῦ-σις’
518 1057 626 1099 αὐτῶν]
656 1059 721 1091 Aut
750 1056 819 1101 παρ’

849 1015 970 1045 matiea.
1014 1015 1103 1045 Idem
1121 1019 1179 1050 est,
1201 1024 1237 1043 ac.
1258 1014 1285 1044 si
1302 1014 1433 1045 dixisset
1448 1011 1565 1056 παραδί-

849 1057 931 1090 δωσιν
945 1058 1013 1099 ὑμῖν
1024 1055 1096 1100 μετ’
1109 1056 1179 1099 ἐμοῦ
1194 1056 1243 1089 καὶ
1256 1057 1270 1089 ὃ
1283 1056 1377 1099 νόμος.
