1916 3340
296 200 406 255 346

296 308 418 344 ducam,
433 306 493 347 ὃςᾷν
508 311 692 347 spectatum.
711 308 746 338 id
762 312 820 345 est,
843 308 918 339 ὥστε
935 308 1013 348 ὑμᾶς

296 351 374 380 αὐτὰ
395 350 465 390 ἑρᾷν,
490 356 522 380 ut
546 361 583 381 ea
604 362 658 382 vos
680 351 840 392 spectetIS,
864 355 917 381 aut
935 351 1013 381 ὥστε

297 392 345 433 ὑφ’
360 394 437 443 ὑμῶν
452 392 578 434 &gilo-941.
591 395 733 435 designat
748 401 876 435 patrem,
891 394 1012 431 fratres,

298 436 406 466 uxoris
423 437 543 473 fratres,
559 442 590 467 et
606 449 744 468 socerum
762 438 946 476 liberosque.

341 479 420 510 ibid.
433 491 464 510 v.
477 483 507 511 5.
525 481 560 515 ὡς
575 479 748 522 ἐπαιδεύθην]
766 479 945 520 Interposui
961 491 1013 510 κα·

297 524 365 557 λῶς.
383 523 484 563 possit
499 524 589 554 etiam
610 523 689 558 ὁσίως
709 524 758 554 vel
773 521 925 564 ἐλευθερίως
941 533 1013 562 sup-

297 565 387 606 pleri.
402 567 439 596 V.
457 577 487 597 v.
502 571 530 597 1.
545 571 576 597 et
588 578 617 607 p.
637 571 709 599 1402.
721 578 750 597 v.
765 570 796 598 7.
808 577 917 602 ταυτα,
932 567 1015 605 quod

298 609 402 645 modo,
418 610 497 639 hoc'
490 621 559 650 ipso
575 621 678 646 versu,
694 610 863 650 praecessit,
878 610 959 639 redit
975 610 1014 639 ad

296 652 340 688 id,
356 654 440 692 quod
453 653 647 689 subauditur,
660 653 679 682 ἃ
691 653 752 694 ‘fregi
768 654 818 688 τῆς
833 651 902 691 ἐμοῦ
914 654 1017 692 τςοφῆς

296 695 345 724 καὶ
360 695 521 734 συγγενείας
536 695 657 727 ἐπλάσω
668 696 715 726 καὶ
728 695 834 733 ψευδῶς
848 696 885 729 εἷς
897 695 951 736 ἐμὲ
967 696 1015 725 καὶ

297 738 363 772 τοὺς
374 738 459 778 ἐμοὺς
473 739 620 772 ὠνείδισας.

341 782 418 812 ibid.
434 793 464 812 v.
483 786 532 814 16.
550 781 747 823 πξοφαίνεται]
772 782 880 813 Oculis
893 781 1017 819 mentis,

296 824 480 865 phantasiae,
492 826 683 855 obversatur.
695 836 754 855 non
767 827 846 856 enim
860 826 1016 865 produxe-

298 872 346 897 rat
361 879 439 904 eam,
453 872 486 897 ut
499 878 597 907 neque
613 879 756 905 uxorein,
771 869 944 904 AEschines,
958 880 1016 908 pu-

298 911 384 941 doris
400 922 473 950 ergo
487 912 585 950 magis
596 912 685 942 sexui
701 912 810 948 debiti,
826 923 915 952 quam
931 913 1015 951 quod

299 955 422 992 grandis
436 959 507 984 natu
520 960 613 985 esset.
623 955 747 985 tametsi
760 956 813 985 illa
823 965 944 994 quoque
955 966 1013 986 non

298 998 401 1036 potuit
416 1008 476 1027 non
493 998 580 1027 annis
596 1000 772 1037 provectior
787 1009 865 1028 esse.

343 1051 373 1079 p.
392 1044 464 1070 142.
487 1050 516 1071 v.
536 1044 586 1072 11.
603 1041 697 1081 ὥσπες
712 1041 764 1081 σὺ]
793 1042 883 1071 Adde
902 1039 964 1082 φῄς.
983 1052 1013 1071 ν.

301 1093 394 1114 versu
421 1087 451 1114 2.
482 1095 515 1124 p.
545 1086 617 1115 143.
673 1085 897 1115 Demosthenes
933 1084 1014 1114 enim

298 1126 464 1165 Aphobeto
486 1127 640 1157 infamiam
662 1128 833 1157 cucullatus
850 1127 1016 1157 voluntarii

298 1172 550 1208 exprobraverat,
566 1171 597 1200 id
613 1172 697 1209 quod
710 1181 749 1200 ex
766 1175 910 1201 contextu
925 1171 1014 1209 hujus

294 1212 358 1242 loci
382 1218 476 1252 patet.
518 1213 710 1249 Scholiastae,
725 1215 858 1243 Graeculi
870 1213 1015 1243 recentis-

294 1255 376 1291 simi,
388 1257 467 1286 Aldo
481 1257 633 1292 Manutio,
644 1257 696 1295 qui
708 1257 886 1287 AEschinem
898 1256 1016 1296 primus

298 1299 408 1334 edidit,
421 1299 564 1338 junioris,
580 1301 618 1329 ad
635 1300 714 1329 hunc
730 1301 828 1330 locum
845 1304 1016 1329 commenta

298 1342 469 1381 caliginosa
492 1348 523 1372 et
548 1343 732 1373 soloecismis
755 1343 909 1377 oblimata,
938 1341 1014 1371 tanti

295 1395 356 1415 non
366 1386 456 1415 facio.
480 1385 513 1415 Si
526 1396 620 1424 neges
632 1385 686 1427 φῇς
700 1389 752 1415 aut
763 1383 948 1425 (ἔλασφημεῖς
964 1385 1013 1414 hio

297 1429 426 1467 requiri,
443 1429 491 1458 aio
507 1439 578 1467 ego,
593 1428 781 1468 Βλασφημεῖς
805 1439 834 1458 v.
857 1432 886 1457 ⁰2.
904 1429 1014 1457 redun-

298 1471 382 1501 dare.
405 1472 491 1501 Tolle
508 1472 634 1501 verbum
650 1472 735 1506 illuc,
751 1476 782 1500 et
798 1472 856 1501 huc
872 1471 1013 1506 transfer,

299 1519 331 1544 et
347 1515 469 1545 videbis
482 1514 650 1544 orationem
662 1515 742 1544 haud
757 1515 849 1554 paulo
863 1515 1014 1544 exsistere

299 1562 330 1588 et
345 1558 448 1588 nervis
469 1558 661 1594 validiorem,
677 1563 708 1588 et
728 1557 965 1595 concinniorem,
983 1564 1015 1588 et

298 1601 428 1631 oratoris
443 1601 602 1642 proposito
616 1601 906 1632 convenientiorem.

339 1644 365 1683 ᾗ.
380 1644 443 1685 μζ.
461 1656 491 1684 p.
516 1647 589 1675 142.
613 1656 640 1675 V.
663 1646 713 1675 15.
736 1643 778 1684 ὃς]
812 1646 896 1675 Bene
913 1645 1013 1675 habet.

294 1686 429 1718 millenis
443 1688 518 1717 loeis
532 1688 703 1718 confirmari
714 1688 860 1726 possit,si
874 1699 949 1728 opus
962 1688 1013 1724 sit,

295 1729 321 1764 ὃς
337 1736 409 1770 post
424 1729 511 1765 οὕτως
527 1732 680 1771 usurpari.
703 1732 819 1762 Verum
832 1743 882 1763 res
897 1737 947 1762 est
960 1732 1013 1762 vel

295 1775 402 1813 pueris
419 1780 502 1811 nota,
519 1781 550 1805 et
569 1776 599 1805 hi
622 1775 683 1815 ipsi
706 1776 764 1804 viri
786 1776 881 1811 docti,
898 1775 950 1815 qui
966 1775 1011 1805 lo-

295 1827 364 1847 cum
381 1819 460 1848 hunc
476 1818 556 1854 vitii,
569 1820 655 1857 cujus
671 1829 783 1857 expers
797 1823 856 1854 est,
869 1823 1010 1858 arguunt,

294 1860 372 1890 alios
388 1862 604 1891 Demosthenis
622 1861 840 1901 AEschinisque
856 1862 942 1892 locos
957 1873 1011 1892 uu-

292 1913 378 1933 mero
395 1909 534 1934 carentes
549 1904 619 1934 huic
636 1904 764 1937 similes.
779 1905 889 1935 tacitos
902 1909 933 1934 et
946 1905 1011 1934 sine

292 1950 366 1976 nota
392 1948 635 1978 transmiserunt.
670 1947 770 1977 Latini
790 1948 907 1987 pariter
930 1949 1011 1987 ejus-

295 1990 378 2019 modi
395 1990 425 2019 in
441 1990 530 2025 locis,
546 2001 602 2029 pro
616 1996 664 2025 ut,
680 1991 730 2030 qui
747 1997 902 2030 usurpant.

338 2033 414 2062 ibid.
431 2044 461 2063 v.
479 2036 530 2063 22.
547 2033 664 2073 αὐτοὺς]
690 2033 764 2062 Soli.
780 2035 843 2068 ’τοὺς
859 2034 1009 2068 δικαστάς.

339 2076 365 2115 §.
379 2076 432 2115 μή.
451 2088 480 2116 p.
497 2078 568 2106 143.
584 2087 614 2106 v.
631 2077 835 2117 9.χρήσομαι]
852 2077 924 2106 Fuit
938 2076 1012 2106 olim

297 2120 387 2157 hujus
402 2119 463 2149 loci
486 2119 607 2158 gemina
623 2120 652 2149 in
668 2119 756 2149 libris
772 2119 877 2154 lectio,
894 2120 962 2148 aliis
979 2119 1012 2149 id

294 2162 449 2198 dantibus,
461 2163 553 2201 quod,
563 2168 688 2192 auctore
698 2162 829 2197 Wolfio,
840 2163 1013 2201 Stephanus

294 2206 393 2241 dedit,
411 2206 460 2235 cui
487 2208 562 2236 bene
585 2216 655 2235 cum
681 2204 831 2245 τεκμηρίου
857 2206 1012 2241 convenit,

294 2249 363 2279 aliis
379 2249 422 2283 id,
440 2250 522 2288 quod
537 2249 635 2279 Aldus
649 2249 721 2278 dare
735 2249 869 2279 voluisse
881 2249 1013 2285 videtur,

292 2304 305 2320 ο
318 2310 331 2315 -
340 2310 354 2317 -
363 2309 376 2315 -
386 2291 531 2333 ἐρήσομαι.
556 2292 642 2331 Ego'
635 2303 664 2321 in
677 2292 857 2322 auctoritate
871 2292 1013 2321 codicum

295 2335 349 2365 fui
374 2334 500 2375 [Access.
519 2334 590 2365 Not.
594 2336 608 2376 ]
632 2332 780 2365 Lectio
757 2347 777 2374 ῳ
794 2336 835 2365 νῦν
848 2334 892 2365 ηδη
908 2346 1014 2376 χρησο-

292 2389 351 2417 μαι
364 2388 423 2407 non
436 2382 495 2414 est,
511 2379 591 2417 quod
605 2378 794 2416 suspicabar,
808 2389 825 2407 a
837 2378 976 2408 Wolfio
969 2389 1013 2407 m-

294 2425 398 2457 venta,
411 2422 465 2450 sed
480 2422 613 2460 antiqua.
660 2421 777 2460 Reperi
793 2421 873 2450 enim
888 2420 919 2450 in
935 2421 1013 2451 libro

294 2464 531 2504 Chrysococcae,
544 2469 577 2493 ut
587 2466 649 2503 jam
666 2464 822 2503 poeniteat,
834 2464 882 2493 hic
896 2464 1014 2504 aliquid

293 2507 470 2537 innovasse.
500 2508 613 2537 Verum
636 2512 739 2536 tamen
760 2511 807 2536 est
830 2507 953 2547 utrique
970 2508 1013 2537 le-

299 2550 407 2587 ctioni,
424 2561 484 2590 quo
500 2551 739 2580 commendetur.

336 2593 413 2623 ibid.
436 2605 465 2624 v.
480 2596 532 2624 19.
557 2593 644 2634 ἄκων]
669 2593 736 2623 ἑκὼν
759 2593 847 2622 Harl.
877 2593 959 2632 quod
985 2593 1012 2623 si

295 2636 478 2672 admittitur,
503 2637 632 2666 alterum
662 2646 784 2676 quoque
809 2634 864 2665 οὐδ’
885 2636 959 2665 ἄκων
983 2636 1013 2666 ei

294 2680 354 2709 erit
376 2681 614 2719 adjungendum.
636 2689 728 2720 ‘neque
749 2678 843 2709 volens
858 2688 949 2719 neque
965 2680 1012 2709 in-

295 2723 386 2752 vitus.

335 2766 412 2795 ibid.
429 2777 461 2795 v.
476 2769 617 2805 antepen.
640 2767 719 2796 κατὰ
741 2766 796 2794 τῶν
820 2764 1013 2805 ἀναισχύντων

292 2806 471 2848 ὀφθαλμῶν]
493 2810 576 2839 Bene
592 2809 694 2839 habet.
708 2810 824 2848 pejerat
841 2818 897 2846 per
910 2809 1011 2847 impu-

292 2850 379 2880 dicos
395 2852 513 2889 oculos,
532 2852 591 2882 hoc
607 2857 664 2886 est,
685 2852 768 2890 quod
790 2855 959 2887 asseverat,
979 2852 1011 2881 id

291 2895 503 2925 exsecratione
536 2895 736 2934 prosequitur
773 2899 805 2924 et
841 2894 1011 2929 confirmat,

292 2936 464 2975 imprecans
485 2938 552 2977 ipse
577 2939 646 2974 sibi,
669 2943 714 2973 ut,
736 2938 761 2967 si
779 2937 955 2975 mentiatur,
979 2937 1011 2967 iu

291 2980 463 3010 continenti
480 2992 583 3011 coecus
598 2982 656 3011 fiat.

337 3033 368 3063 p.
388 3025 459 3054 144.
475 3034 505 3054 v.
517 3029 545 3055 1.
562 3024 612 3066 ὡς]
638 3026 721 3055 Bene
738 3024 840 3060 habet,
857 3024 939 3054 idem
957 3034 1009 3054 va-

727 210 960 259 REISKII
991 210 1324 258 ANNOTATA

1046 307 1112 337 lens
1137 312 1229 348 atque
1259 307 1313 339 ὅτι.
1339 308 1477 340 mentitus
1496 320 1562 341 oum
1582 311 1762 362 interfuisse

1046 361 1156 380 nomen
1183 362 1201 381 a
1222 361 1253 381 se
1280 352 1442 382 confictum
1466 353 1542 389 edit,
1558 364 1593 384 ao
1616 355 1642 386 si
1664 357 1692 386 is
1712 357 1757 386 rei

1046 398 1142 433 gestae
1166 394 1367 425 interfuisset.
1391 396 1578 437 πλασάμενος
1595 396 1678 428 idem
1699 403 1758 435 est,

1048 442 1140 476 atque
1157 449 1168 465 ο
1184 436 1268 473 αὐτὸς
1281 437 1455 469 ἐπλάσατο.

1089 481 1116 521 ᾗ
1130 478 1191 520 μθῖ
1216 491 1247 520 p.
1263 484 1336 513 144.
1359 492 1389 511 v.
1408 485 1459 512 16.
1482 482 1531 513 καὶ
1550 482 1760 524 αἰχμάλωτον]

1047 522 1111 552 Aut
1140 524 1230 562 plane
1259 524 1423 554 delendum
1450 530 1497 555 est
1519 525 1581 562 καὶ,
1611 533 1662 556 aut
1670 532 1760 578 ”post

1048 565 1166 605 γυναῖκα
1181 567 1354 597 addendum
1370 565 1517 608 ἐλευθέραν
1532 572 1583 598 aut
1593 569 1694 607 εὖγενῆ.

1091 619 1123 648 p.
1136 612 1208 641 145.
1227 621 1255 640 v.
1272 613 1302 640 1.
1318 611 1524 660 MAPTTPIA]
1551 612 1759 652 DediMapw-

1047 663 1114 691 ςιαι.
1157 653 1234 683 Sunt
1254 653 1335 683 enim
1359 654 1421 683 duo
1441 653 1599 684 minimum
1622 656 1760 685 testimo-

1048 695 1110 730 nia,
1120 695 1248 725 alterum
1264 696 1479 735 Aristophanis
1490 697 1528 726 de
1546 698 1762 727 Demosthenis

1050 738 1187 768 versutia
1208 744 1239 768 et
1262 739 1459 774 immanitate,
1478 740 1606 769 alterum
1625 741 1762 780 reliquo-

1049 791 1117 810 rum
1128 781 1167 811 de
1183 782 1399 822 Aristophanis
1412 783 1607 818 auctoritate,
1617 783 1675 812 ista
1688 794 1759 823 por-

1049 828 1170 854 tentosa
1178 826 1217 855 de
1231 825 1439 855 Demosthene
1452 826 1490 855 ad
1502 836 1535 855 se
1544 826 1704 856 narrantis.

1091 867 1170 897 ibid.
1190 878 1220 898 v.
1245 870 1276 898 4.
1301 867 1348 897 καὶ
1362 866 1528 921 κέχρηται]
1553 869 1616 898 Pro
1643 881 1690 899 και
1717 881 1762 904 αις

1049 908 1200 952 uixque-ai.
1217 911 1265 941 vel
1279 911 1326 940 καὶ
1339 909 1478 952 κέχρηται
1494 912 1606 945 αὗταις.
1622 912 1738 951 figura'
1731 923 1761 941 ιι]

1045 953 1139 984 libris
1153 949 1328 984 Graecorum
1343 960 1374 984 et
1387 953 1563 984 Latinorum
1580 954 1693 993 ubique
1707 957 1762 985 ob-

1048 997 1109 1026 via.
1134 996 1342 1036 grammaticis
1364 997 1511 1036 Zeugma,
1535 1002 1588 1028 aut
1615 998 1762 1038 syllepsis

1050 1044 1226 1079 usurpatur.

1090 1082 1176 1111 ibid..
1192 1093 1221 1113 v.
1245 1085 1274 1113 8.
1297 1082 1345 1112 καὶ
1370 1081 1541 1125 δεδεμένους]
1573 1084 1682 1114 Malim
1712 1084 1763 1114 καῖ

1048 1126 1168 1154 abesse.
1182 1126 1369 1160 σκάπτοντας
1384 1125 1539 1175 δεδεμένους
1551 1133 1596 1157 est
1609 1128 1761 1157 ‹admov-

1048 1179 1102 1202 τας
1117 1166 1143 1197 ἐν
1156 1169 1205 1198 Seo-
1205 1181 1282 1208 μοις,
1288 1168 1462 1209 fodientes
1452 1180 1484 1198 m
1499 1171 1617 1199 catenis.

1091 1211 1169 1240 ibid.
1183 1222 1212 1240 v.
1205 1181 1275 1241 14.
1287 1210 1555 1254 παξαθεξμανθεῖς]
1580 1212 1764 1255 Διαθερμαν-

1048 1252 1111 1287 θεὶς
1131 1253 1245 1293 scalig.
1264 1265 1332 1293 quae
1348 1258 1396 1284 est
1416 1264 1476 1284 non
1498 1256 1682 1293 emendatio,
1706 1258 1762 1286 sed

1049 1296 1269 1326 emendationis
1285 1302 1423 1332 conatus,
1438 1308 1511 1327 vera
1529 1299 1684 1339 corruptio
1701 1300 1763 1330 loci

1048 1339 1115 1370 labe
1131 1340 1280 1377 caventis,
1297 1345 1330 1370 ut
1345 1340 1411 1369 alize
1424 1345 1496 1370 sunt
1511 1342 1590 1372 haud
1604 1353 1709 1381 pauca}
1730 1344 1763 1372 in

1050 1382 1097 1412 his
1119 1382 1271 1422 Scaligeri
1294 1384 1334 1412 ad
1357 1383 1537 1414 AEschinem
1558 1386 1763 1416 annotationi-

1049 1426 1118 1455 bus.

1092 1468 1169 1502 ibid.
1192 1480 1223 1499 v
1248 1469 1303 1500 ult.
1323 1468 1546 1512 προσ-τρόπαιον]
1571 1471 1608 1501 In
1630 1472 1762 1511 antiquis

1049 1510 1150 1542 libris.
1204 1513 1317 1543 Aldina
1351 1519 1383 1543 et
1406 1514 1514 1552 Steph.
1543 1515 1764 1554 codicibusque

1051 1555 1154 1592 mstis,
1185 1557 1379 1586 solummodo
1406 1568 1525 1587 τοιουτον
1561 1557 1767 1599 προσ-τρόπαιον

1049 1599 1164 1638 legitur
1177 1600 1242 1630 sine
1258 1599 1339 1640 ἐμοῦ,
1354 1600 1435 1639 quod
1443 1600 1533 1630 Wolf
1540 1611 1617 1641 pone
1633 1603 1767 1638 τοιοῦτον,

1050 1643 1089 1673 de
1104 1653 1159 1673 suo
1176 1643 1348 1673 addiderat.
1394 1643 1576 1674 Desiderari
1591 1644 1707 1684 aliquid
1730 1645 1760 1674 in

1048 1685 1109 1716 ista
1124 1687 1258 1726 vulgata,
1275 1687 1371 1716 dubio
1388 1691 1487 1722 vacat,
1504 1688 1543 1717 ob
1559 1687 1723 1727 insequens
1734 1688 1763 1718 οὔ

1047 1732 1101 1769 γὰρ
1124 1729 1153 1760 δὴ
1169 1732 1219 1765 τῆς
1235 1729 1353 1763 πόλεως.
1396 1730 1507 1769 Neque
1529 1741 1587 1770 ego
1609 1731 1762 1761 Wolfiano

1046 1772 1109 1803 isto
1135 1773 1260 1804 invento
1293 1771 1364 1815 ἐμοῦ
1401 1773 1566 1811 offendar3
1596 1775 1763 1804 dummodo

1047 1815 1188 1848 codicum
1215 1816 1396 1847 auctoritate
1422 1817 1576 1848 fulciatur.
1621 1819 1658 1847 In
1682 1819 1763 1855 Reg.

1048 1863 1078 1889 1.
1103 1865 1135 1890 et
1161 1861 1280 1891 scholio
1305 1859 1408 1889 codici
1433 1860 1598 1890 Harleiano
1616 1861 1646 1891 h.
1664 1861 1685 1890 l.
1708 1862 1762 1890 ad-

1047 1903 1162 1942 scripto
1187 1903 1288 1944 (quod
1318 1903 1467 1933 scholium
1492 1903 1571 1933 infra
1597 1903 1627 1932 in
1656 1904 1763 1933 libello

1045 1945 1212 1976 lectionum
1223 1945 1403 1976 variantium
1411 1945 1583 1986 exhibebo)
1595 1946 1662 1976 loco
1673 1948 1764 1977 Wol-

1047 1989 1117 2019 fiani
1133 1988 1203 2028 ἐμοῦ
1218 1989 1332 2028 legitur
1348 1989 1434 2019 αὑτοῦ
1447 1993 1478 2018 et
1490 1988 1601 2019 ἑαυτοῦ.
1616 1991 1698 2029 quod
1714 2001 1763 2020 re-

1048 2032 1130 2070 cepi,
1151 2033 1209 2062 hac
1228 2032 1388 2062 sententia.
1434 2032 1615 2062 Facinorum
1639 2037 1671 2062 et
1694 2044 1762 2063 sce-

1047 2075 1148 2104 lerum
1169 2076 1207 2104 ab
1229 2075 1298 2114 ipso
1329 2075 1560 2105 commissorum
1584 2086 1691 2113 poenas
1711 2086 1762 2105 ca-

1047 2118 1113 2156 pite
1137 2117 1206 2156 ipse
1229 2127 1286 2147 suo
1310 2117 1384 2154 luat,
1405 2118 1456 2147 fiat
1474 2118 1543 2157 ipse
1569 2118 1627 2147 sibi
1651 2120 1763 2149 suimet

1048 2161 1214 2200 piaculum.
1274 2160 1362 2191 Alias
1395 2161 1477 2190 haud
1508 2161 1626 2191 alienus
1658 2162 1714 2191 sim
1746 2172 1764 2192 a

1049 2203 1240 2242 suspicione,
1279 2204 1457 2234 AEschinem
1497 2204 1542 2234 sic
1583 2204 1762 2244 reliquisse:

1048 2245 1151 2277 ἐάσετε
1177 2244 1219 2277 οἶν
1239 2258 1285 2277 τον
1311 2249 1366 2276 τῶν
1394 2245 1523 2277 τοιούτων
1545 2248 1764 2289 προσ-τρόπαιον.

1049 2289 1191 2320 hominem
1207 2290 1348 2340 digilunt,
1368 2291 1421 2329 qui
1438 2290 1593 2328 piaculum
1613 2293 1650 2321 sit
1664 2301 1764 2321 eorum.

1049 2334 1189 2369 omnium,
1210 2335 1261 2372 qui
1281 2333 1337 2372 ipsi
1357 2334 1418 2363 sint
1438 2333 1628 2363 scelerositace
1649 2335 1763 2364 similes.

1048 2376 1086 2405 In
1102 2376 1229 2415 vulgata
1251 2381 1302 2406 aut
1324 2373 1406 2407 αὐτόν
1421 2386 1489 2405 cum
1506 2376 1640 2416 simplici
1655 2376 1702 2406 τᾶν
1717 2386 1763 2406 ar-

1049 2419 1146 2449 ticulo
1171 2424 1218 2448 est
1249 2419 1439 2454 mutandum,
1462 2423 1515 2448 aut
1544 2424 1666 2450 servato
1691 2421 1763 2457 isto,

1049 2461 1132 2492 αὗτόν
1146 2466 1233 2501 puta,
1247 2463 1421 2492 addendum
1436 2467 1505 2492 ante
1521 2467 1574 2492 aut
1587 2467 1658 2502 post
1676 2473 1764 2503 vrgao·-

1048 2505 1178 2545 τξὸπαιον
1192 2505 1251 2535 erit
1266 2504 1343 2535 ὄντα.

1091 2548 1168 2578 ibid.
1194 2548 1286 2588 ὥστε]
1323 2550 1349 2578 Α
1376 2547 1560 2578 Marklando
1587 2548 1763 2578 damnatum

1048 2591 1124 2620 mihi
1150 2590 1195 2621 sio
1224 2593 1298 2621 satis
1329 2592 1490 2644 probatur,
1517 2595 1552 2620 ut
1575 2592 1763 2621 servandum

1049 2634 1189 2664 arbitrer.
1234 2636 1314 2664 Nam
1330 2633 1432 2663 ἐασετε
1448 2638 1550 2673 potest
1566 2643 1622 2673 pro
1643 2634 1764 2675 ἇζημιον

1048 2677 1099 2706 και
1116 2676 1207 2716 αθῳον
1222 2677 1349 2716 ἆφησετε
1365 2676 1477 2716 accipi.

1090 2731 1122 2759 p.
1145 2710 1217 2751 146.
1241 2731 1271 2750 v.
1293 2722 1325 2750 3.
1348 2721 1489 2760 στςατιαν
1508 2720 1567 2761 -]
1603 2720 1763 2750 Sententia

1048 2767 1106 2797 est,
1135 2763 1331 2802 patieminine
1361 2763 1441 2792 hunc
1472 2763 1627 2793 hominem
1659 2767 1705 2793 tot
1731 2769 1763 2794 et

1047 2806 1148 2842 tantis,
1173 2811 1234 2835 tam
1250 2805 1407 2836 atrocibus
1424 2806 1556 2836 obsitum
1573 2805 1764 2842 criminibus,

1046 2860 1171 2888 prorsus
1182 2849 1378 2888 piacularem,
1395 2850 1519 2879 decreta
1540 2850 1683 2885 condere,
1696 2850 1762 2888 qui-

1048 2894 1103 2922 bus
1130 2898 1183 2922 aut
1204 2892 1447 2932 supplicationes
1475 2893 1677 2922 decernantur
1705 2902 1763 2931 pro

1045 2945 1111 2974 rep.
1126 2940 1156 2965 et
1171 2937 1263 2965 rebus
1278 2941 1330 2966 aut
1343 2936 1486 2976 gerendis
1509 2940 1561 2966 aut
1578 2935 1674 2974 gestis
1692 2945 1764 2974 pro·

1046 2987 1146 3017 spere,
1161 2979 1321 3018 copiaeque
1336 2980 1498 3019 pedestres
1521 2982 1553 3008 et
1574 2978 1698 3008 navales
1720 2978 1759 3007 ad

1046 3022 1126 3052 bella
1150 3027 1232 3053 terra
1263 3023 1397 3063 marique
1421 3022 1554 3063 gerenda
1570 3021 1760 3056 emittantur,
