1916 3340
327 193 384 234 46
761 195 955 237 INDEX
989 193 1368 238 GRAECITATIS

362 309 414 330 νειν
426 298 624 341 προαγομένου.
639 302 695 338 70,
713 304 763 332 12.

313 342 410 383 ἴχνος]
433 342 564 374 κονδύλων
579 344 641 387 ἴχνη
658 344 701 376 ἐ’τι
717 346 828 387 φανερά.
845 348 899 384 84,
915 349 967 377 22.

651 475 694 504 K.

314 554 461 597 Καδμεία]
484 555 648 598 προπύλαια
670 557 926 598 τῆςζᾶκροωόλεως
945 556 1033 590 Ἀθη-

354 600 432 629 ναίων
452 603 631 639 μετενεγκεῖν
652 602 691 637 εἰς
714 605 762 633 τὴν
784 600 961 642 προστασίαν
983 605 1035 637 τῆς

355 642 510 682 Καδμείας.
528 646 580 679 42,
598 647 628 675 2.

309 686 454 727 καθαίρειν
469 685 631 717 ἐκκλησίαν.
649 690 703 724 49,
720 689 772 718 23.

307 729 453 771 κάθαρμα
470 729 643 770 ζηλοτυποῦν
658 732 766 771 ἀρετὴν,
782 730 956 771 hypocrita,
974 732 1031 762 ho-

349 784 400 803 mo
427 773 577 813 impurus,
602 774 745 804 virtutem
772 774 931 811 simulans,
955 775 1030 805 affe-

352 822 451 846 ctans.
469 819 522 850 84,
539 817 590 846 15.

305 858 440 899 καθαρὸς]
465 858 583 899 καθαρόν
609 859 681 891 οὕτω
701 861 754 901 χρὴ
770 859 816 890 τὶν
831 857 887 893 βίον
904 861 953 890 τοῦ
970 860 1028 890 σού-

346 911 438 943 φρονος
464 901 556 941 ἀνδρὸς
584 902 664 940 εἶναι,
685 904 760 933 ὥστε
774 906 816 943 μὴ
833 902 1026 944 ἐπιδέχεσθαι

344 946 424 984 δόξαν
439 943 537 978 αἰτίας
547 949 672 986 πονηρᾶς.
689 949 721 983 ’7,
735 949 786 978 32.
802 947 940 987 ἱερωσύνην
954 947 1026 977 οὐδε-

343 989 384 1023 νὸς
402 988 465 1019 θεῶν
482 989 670 1028 κληρώσεται,
694 991 730 1025 ὣς
749 991 796 1020 οὐκ
814 989 847 1020 ὢν
870 989 902 1020 ἐκ
917 993 971 1020 τῶν
986 990 1026 1020 νό-

343 1044 407 1073 μων
423 1029 540 1070 καθαρός
556 1030 588 1060 τὸ
602 1037 704 1073 σῶμα.
722 1036 775 1069 26,
788 1036 841 1064 36.
856 1033 883 1063 οὐ
900 1033 1026 1073 καθαρὸς

342 1075 379 1105 ὦν
395 1077 450 1109 τὰς
476 1076 575 1115 χεῖρας
596 1077 634 1112 εἷς
655 1079 703 1108 τὴν
727 1078 828 1117 ἀγορὰν
850 1075 1023 1117 ἐμβάλλεις.

342 1121 397 1155 48,
415 1120 446 1148 3.

300 1162 471 1204 καθάρσιον]
495 1161 607 1194 ἐπειδὰν
621 1161 655 1193 τὸ
674 1161 825 1202 καθάρσιον
840 1162 1022 1203 περιενεχθῇ.

343 1208 376 1241 4,
390 1209 439 1236 10.
464 1207 591 1237 victima
616 1207 788 1247 purgandae
805 1206 961 1240 concioni,
976 1205 1023 1235 lu-

342 1248 453 1279 stralis.

297 1290 477 1331 καθέζεσθαι
497 1290 551 1320 ἐπὶ
571 1290 746 1329 οἰκημάτων,
763 1293 899 1329 prostare
916 1289 946 1318 in
963 1289 1020 1319 for-

341 1334 476 1369 nicibus,
492 1334 702 1374 lupanaribus.
721 1335 773 1368 11,
789 1334 820 1362 3.
835 1331 1020 1372 καθέζεσθαι

341 1376 389 1408 ἐπὶ
406 1376 573 1416 λογισμούς.
591 1378 643 1411 62,
661 1378 692 1406 8.

296 1420 455 1460 καθεύδειν]
473 1418 521 1449 ἐπὶ
536 1420 576 1459 τῇ
590 1418 673 1459 πυρᾷ
688 1415 873 1451 καθεύδοντος.
894 1420 947 1453 20,
967 1419 1018 1447 28.

297 1462 447 1503 καθήκειν]
473 1461 597 1492 καθῆκεν
613 1462 652 1496 εἰς
666 1462 743 1500 ἡμᾶς
758 1460 769 1489 ὁ
785 1459 876 1496 λόγος,
894 1460 1020 1490 devenit

339 1507 381 1536 ad
406 1516 461 1536 nos
486 1505 611 1536 dicendi
636 1505 725 1534 ordo.
747 1506 801 1538 31,
816 1505 867 1533 27.
892 1502 942 1544 πρὸ
968 1506 1018 1534 τοῦ

336 1547 505 1583 καθήκοντος
530 1547 638 1590 χρόνου,
666 1552 738 1578 ante
763 1552 885 1587 tempus
907 1551 1016 1578 ratum.

339 1593 396 1627 71,
414 1595 467 1623 ‘29-

294 1634 450 1666 καθῆσθαι
465 1632 594 1674 φυλέτας
609 1632 777 1667 βοηθοῦντας
791 1633 852 1667 τοῖς
865 1630 968 1671 νόμοις.
984 1634 1020 1669 5,

337 1681 391 1710 22.
404 1677 556 1713 καθῆσθαι,
569 1678 609 1707 de
622 1678 734 1711 tirone,
754 1681 850 1705 artem
868 1676 1016 1712 discente,

338 1727 371 1751 et
392 1723 447 1752 sub
471 1721 614 1761 magistro
641 1724 816 1754 exercente,
841 1718 888 1748 vel
917 1724 950 1749 et
976 1720 1015 1749 de

336 1775 432 1805 puero
455 1773 583 1804 corpore
612 1767 758 1794 merente.
782 1761 937 1792 καθῆσθαι
959 1760 1016 1792 ἐστὶ

337 1807 467 1848 ἰατρείου.
485 1810 517 1844 6,
534 1810 586 1838 17.
609 1804 769 1842 καθῆσθαι,
785 1806 824 1835 de
843 1804 1013 1845 judicibus.

338 1853 392 1886 23,
408 1854 460 1882 19.

291 1892 428 1934 καθιεροῦν
442 1895 491 1924 τὴν
506 1891 599 1923 οὐσίαν
615 1892 662 1922 οὐκ
686 1890 720 1931 ἐᾷ’
740 1891 752 1921 ὅ
768 1890 848 1929 νόμος
870 1889 916 1919 τᾶν
932 1890 1014 1920 ὑπεύ-

335 1936 425 1967 θυνον.
441 1938 496 1972 56,
514 1939 566 1967 38.
587 1934 722 1975 καθιεροῦν
734 1932 884 1973 στέφανον.
896 1936 949 1969 60,
962 1935 1013 1964 13.

335 1980 479 2020 καθιεροῦν
494 1980 543 2010 τῆν
562 1978 664 2019 χώραν.
682 1980 735 2012 69,
752 1980 782 2007 8.

292 2022 463 2063 καθιέρωσις
476 2023 618 2061 στεφάνου
632 2018 769 2060 γίγνεται.
783 2021 836 2055 60,
852 2021 903 2050 13.

291 2065 435 2106 καθίζειν]
462 2064 569 2105 καθίζει
591 2063 647 2094 ἐπὶ
668 2063 715 2094 τὸν
729 2062 826 2103 βωμὸν
840 2065 891 2096 τῆς
905 2061 1013 2104 μητρὸς

335 2112 390 2138 τῶν
406 2108 481 2138 θεῶν.
497 2111 528 2143 9,
544 2110 596 2138 14.

292 2150 487 2191 καθιστάναι]
511 2151 549 2185 εἷς
562 2149 709 2181 συνήθειαν
724 2149 774 2178 τοῦ
795 2146 878 2186 λόγου
900 2145 1012 2178 ἐποίησε

335 2197 516 2225 καταστῆναι
532 2196 581 2224 τὴν
596 2192 695 2228 πόλιν,
707 2192 838 2222 adduxit
852 2191 1010 2221 civitatem

336 2238 369 2268 in
390 2237 651 2269 consuetudinem
675 2235 844 2276 usurpandi
867 2235 947 2265 hanc
963 2235 1012 2264 di-

336 2281 429 2311 cendi
446 2281 617 2311 formulam.
634 2281 687 2315 23,
708 2281 760 2309 37.
784 2277 818 2308 τὸ
834 2279 960 2318 πρᾶγμα
973 2277 1012 2312 είς

334 2324 478 2363 διάπειραν
499 2323 547 2352 καὶ
569 2322 648 2361 λόγον
670 2320 868 2352 κατέστησαν.
891 2323 943 2356 26,
959 2324 1011 2352 20.

336 2367 373 2400 εἷς
388 2368 487 2407 χεῖράς
500 2378 570 2401 τινος
585 2363 775 2395 καταστῆσαί
789 2375 863 2400 τινα,
876 2374 1011 2404 praesen-

336 2416 398 2440 tem
423 2410 558 2451 aliquem
584 2408 676 2439 alicui
706 2408 823 2443 sistere,
854 2407 1011 2444 exhibere,

336 2453 468 2488 tradere,
483 2453 557 2482 dare
574 2451 840 2492 conspiciendum,
857 2460 926 2480 curn
942 2449 1010 2490 ejus

333 2495 615 2526 commendatione.
639 2497 692 2529 32,
710 2497 740 2523 1.
769 2493 949 2522 καθιστάναι
973 2493 1011 2526 εἷς

334 2537 511 2578 στρατηγίαν
530 2540 605 2574 τινα,
619 2537 739 2567 efficere
756 2547 810 2566 sua.
824 2537 1009 2566 auctoritate

334 2587 367 2611 et
381 2582 664 2616 commendatione,
676 2584 710 2610 ut
722 2579 832 2619 aliquis
844 2579 1011 2619 imperator

332 2630 538 2666 nuncupetur.
554 2626 608 2660 33,
625 2626 676 2655 28.
692 2623 884 2662 ἑβδομήκοντα
905 2621 1011 2656 πόλεις

334 2667 534 2709 συμμαχίδας
554 2666 733 2697 κατέστησεν
759 2665 797 2700 εἷς
816 2664 850 2696 τό
867 2664 1008 2704 συνέδριον,

333 2711 367 2740 in
403 2716 588 2741 conventum
626 2710 795 2750 legatorum
832 2719 850 2739 e
884 2708 1008 2748 populis

334 2753 466 2784 Graeciae
492 2753 636 2784 Athenis.
665 2755 719 2788 37,
748 2755 800 2782 12.
828 2752 872 2792 μὴ
904 2762 1008 2790 μνησι-

332 2798 427 2826 κακεῖν
455 2795 554 2836 ἔνορκον
579 2798 647 2837 ἡμῖν
674 2795 931 2825 καταστησάντων.
953 2795 1008 2830 51,

333 2843 386 2869 41.
408 2841 589 2871 καταστῆναι
612 2840 649 2873 είς
669 2841 719 2869 τὴν
735 2839 834 2880 ἀρχὴν,
856 2837 1006 2868 accedere

333 2884 372 2912 ad
396 2882 483 2924 regni
508 2882 770 2924 gubernationem.
794 2883 849 2916 76,
877 2882 928 2910 22.
950 2881 1005 2915 77,

332 2928 364 2955 2.
387 2925 426 2958 εἲς
447 2924 541 2955 αἰτίαν
568 2923 733 2964 εὐαγγελίων
759 2924 807 2954 καὶ
833 2921 934 2958 θυσίας
956 2924 1005 2954 την

331 2968 431 3000 Βουλήν
455 2967 632 2999 κατέστησε.
655 2971 710 3005 76,
726 2970 778 2997 23.
803 2966 934 2998 κατέστη
958 2966 1004 2998 δη-

330 3010 486 3053 μοκρατία,
501 3012 584 3050 coiit,
596 3011 721 3042 coaluit.
736 3012 790 3048 83,
805 3012 857 3042 35.

1074 299 1265 343 καθοπλίζειν]
1281 299 1474 335 καθοπλίσας
1487 299 1553 343 τῇδε
1568 299 1608 343 ‘²¹3³‘
1623 300 1785 342 πανοπλίᾳ.

1115 346 1169 379 75,
1186 346 1239 375 33.

1071 386 1176 428 καινὸς]
1207 385 1423 428 προστίθεσθαι
1450 384 1538 417 καινδν
1560 384 1649 425 νόμον.
1673 389 1705 422 5,
1731 389 1783 417 20.

1114 430 1347 471 προσλαμβάνειν
1367 429 1454 460 καινὸν
1473 430 1565 459 κακόν.
1588 431 1619 465 9,
1637 431 1689 460 39.
1712 428 1785 470 πνρός

1113 473 1159 502 τόν
1174 472 1260 503 καινὸν
1274 474 1342 503 νεών.
1361 475 1414 507 70,
1431 475 1460 504 4.
1479 472 1537 502 θεοὶ
1552 471 1646 502 καινοί.
1664 474 1717 508 83,
1731 476 1785 502 4‘2.

1069 515 1175 556 καιρὸς]
1211 517 1266 558 οὐχ
1293 517 1304 546 ὁ
1334 515 1425 555 λόγος,
1452 514 1520 545 ἀλλ’
1546 515 1558 545 ὅ
1588 512 1678 555 καιρὸς
1707 515 1786 554 ὑμᾶς

1112 558 1236 598 ἐξοργιεῖ.
1257 563 1308 595 27,
1326 562 1377 590 19.
1399 560 1420 588 οἳ
1441 562 1497 589 τῶν
1513 561 1694 598 συκοφαντῶν
1708 557 1784 595 λόγοι

1111 601 1176 642 πρὸς
1190 603 1254 636 τοὺς
1271 601 1316 642 ἐφ’
1330 601 1435 642 ἡμέραν
1449 603 1557 643 καιροὺς
1569 600 1711 639 λέγονται.
1728 603 1783 636 36,

1110 647 1162 675 30.
1186 644 1448 686 συμπεριφέρεσθαι
1465 646 1571 683 ἀνάγκη
1589 646 1650 678 τοῖς
1670 645 1782 683 καιροῖς.

1109 688 1163 722 50,
1178 691 1228 718 16.
1243 689 1329 729 καιροὶ
1349 688 1388 730 τῇ
1403 688 1491 718 ’πόλει
1507 687 1645 727 τέτταρες
1659 686 1781 726 γεγένην-

1107 742 1168 761 ται.
1192 734 1243 767 61,
1260 734 1310 762 17.
1333 731 1521 772 ἀφορίζεσθαι
1536 730 1634 771 καιρόν.
1654 733 1707 765 61,
1730 732 1780 760 19.

1108 773 1270 814 διαιρεῖσθαι
1285 775 1400 815 καιρούς.
1417 778 1470 809 61,
1486 777 1537 805 35.
1555 773 1782 812 ὑπομιμνήσκον-

1105 828 1154 851 τος
1169 819 1233 852 τοὺς
1247 819 1361 859 καιρούς.
1374 820 1427 854 6⁶2,
1444 819 1495 848 15.
1519 816 1705 857 ὑφαιρεῖσθαι
1717 817 1781 850 τοὺς

1105 861 1212 900 καιροὺς
1235 863 1287 895 τῆς
1308 860 1434 896 «πόλεως,
1457 861 1680 901 oportunitates
1706 859 1782 889 civi-

1105 904 1188 939 tatis,
1205 909 1356 944 tempora,
1377 905 1490 944 quibus
1514 903 1722 933 emolumenta
1737 901 1780 931 ci-

1103 947 1184 977 vitas
1199 947 1258 977 sibi
1274 957 1381 988 parere
1397 950 1530 987 poterat,
1546 945 1576 975 ei
1593 945 1698 975 furtim
1721 944 1779 974 eri-

1103 999 1189 1030 pere.
1215 991 1266 1025 63,
1284 993 1336 1020 12.
1360 988 1520 1030 περαιτέρω
1542 989 1634 1028 καιροῦ
1655 987 1705 1016 καὶ
1727 988 1778 1017 τοῦ

1102 1031 1300 1074 συμφέροντος.
1318 1033 1371 1069 65,
1384 1035 1414 1062 8.
1437 1029 1625 1061 ἀποδίδοσθαι
1640 1031 1704 1064 τοὺς
1715 1041 1780 1060 και-

1102 1077 1160 1116 ροὺς
1186 1078 1236 1109 τῆς
1263 1075 1378 1110 πόλεως.
1408 1077 1462 1110 66,
1487 1076 1540 1104 42.
1564 1071 1733 1112 ’ω’έπρανται
1755 1074 1778 1103 οἳ

1101 1117 1197 1159 καιροί.
1216 1121 1268 1153 67,
1284 1121 1315 1148 7.
1339 1115 1569 1158 ’παραγεγόνασιν
1584 1115 1666 1155 αὐτῷ’
1679 1117 1777 1157 καιροί,

1102 1162 1240 1192 obtulere
1257 1171 1289 1191 se
1306 1161 1334 1191 ei
1358 1160 1594 1200 oportunitates.
1609 1160 1663 1194 77,
1680 1162 1710 1188 1.
1733 1159 1777 1199 ῥη-

1100 1206 1206 1245 τορικὴν
1221 1203 1321 1234 δειλίαν
1344 1202 1476 1242 δημόσιος
1489 1201 1581 1242 καιρὸς
1600 1202 1647 1230 οὔκ
1667 1202 1777 1241 ἀναμέ-

1097 1257 1144 1277 νει.
1157 1249 1211 1283 77,
1224 1249 1253 1276 7.
1265 1244 1483 1278 ἀναβάλλεσθαι
1499 1246 1536 1280 εἶς
1551 1243 1641 1284 καιρὸν
1653 1243 1775 1276 καλλίω.

1097 1290 1153 1325 77,
1175 1293 1226 1320 14.
1252 1287 1440 1329 παραβαίνειν
1461 1289 1528 1323 τοὺς
1546 1287 1655 1327 νόμους,
1673 1306 1715 1310 --
1729 1288 1776 1319 τέν

1096 1331 1195 1372 καιρὸν,
1208 1331 1255 1362 καὶ
1271 1331 1317 1361 τὸν
1333 1330 1416 1361 τόπον
1435 1342 1466 1361 τ.
1480 1331 1510 1360 ἰι.
1526 1333 1578 1361 83.
1597 1333 1649 1360 10.
1673 1331 1775 1361 ἀποδο-

1096 1374 1213 1414 κιμάζω
1229 1374 1276 1404 τὸν
1296 1374 1396 1413 καιρόν.
1413 1376 1466 1409 84,
1490 1376 1542 1404 13.
1564 1372 1612 1404 ἐπὶ
1628 1373 1706 1413 (nisi
1728 1374 1774 1404 le-

1096 1419 1232 1458 gendum
1250 1423 1297 1448 est
1312 1416 1359 1453 ἐκ)
1375 1419 1430 1447 τῶν
1445 1419 1544 1456 καιρῶν
1559 1416 1606 1445 καὶ
1627 1418 1676 1446 τοῦ
1692 1428 1773 1456 συμ-

1094 1459 1221 1500 φέροντος
1235 1459 1452 1491 πολιτεύεσθαι.
1470 1461 1524 1495 85,
1540 1461 1591 1490 20.
1610 1457 1773 1498 ἐμποδίζειν

1094 1506 1160 1538 τοὺς
1186 1505 1237 1537 τῆς
1264 1503 1372 1538 πόλεως
1395 1503 1514 1542 καιροὺς,
1544 1503 1772 1542 oportunitates

1094 1547 1288 1588 reipublicae,
1303 1545 1501 1582 inserviendi,
1515 1555 1646 1585 eamque
1660 1555 1772 1576 ornan-

1094 1590 1137 1620 di.
1162 1592 1214 1625 85,
1236 1591 1288 1621 35.
1311 1587 1494 1620 ἀποδίδοσθαι
1514 1589 1578 1621 τοὺς
1602 1590 1720 1628 καιροὺς,
1745 1587 1771 1619 ἐν

1093 1630 1130 1666 οἷς
1143 1631 1173 1663 ’ἦν
1188 1632 1348 1674 σώζεσθαι.
1364 1635 1417 1668 86,
1434 1634 1464 1662 6.
1481 1631 1493 1661 ὃ
1509 1629 1631 1672 κομίζων
1646 1629 1679 1660 τὸ
1699 1643 1770 1673 χρυ-

1093 1676 1149 1706 σίον
1159 1674 1189 1707 ἦν
1202 1675 1291 1717 καιρὸς
1307 1675 1356 1706 καὶ
1371 1674 1464 1717 φόΕος,
1479 1674 1527 1704 καὶ
1542 1673 1625 1717 χρεία
1640 1676 1770 1715 συμμά-

1091 1730 1161 1760 χων.
1178 1722 1231 1755 88,
1242 1722 1273 1750 4.

1048 1763 1147 1796 κακία,
1164 1763 1308 1793 mollities
1324 1761 1558 1802 animi,'pravis,
1569 1760 1609 1791 ad
1627 1770 1697 1800 quae
1713 1771 1767 1791 vo-

1093 1811 1190 1841 catur,
1206 1806 1346 1836 resistere
1368 1811 1400 1836 et
1416 1805 1554 1835 honestis
1575 1803 1694 1834 fortiter
1709 1805 1767 1834 ad-

1091 1849 1258 1879 haerescere
1277 1849 1391 1879 nescia.
1414 1848 1480 1879 δεινῆ
1496 1848 1534 1883 εἰς
1548 1845 1581 1876 τὸ
1596 1848 1725 1888 πρᾶγμα
1750 1848 1764 1878 ἦ

1090 1889 1177 1920 κακία
1192 1892 1240 1921 καὶ
1257 1891 1413 1922 εὐπιστία.
1432 1893 1463 1926 9,
1476 1894 1507 1920 1.

1047 1934 1217 1974 κακοήθεια]
1243 1933 1407 1964 κακοήθειαι
1430 1932 1580 1973 λεγόμεναι
1608 1930 1686 1972 ὑπὲρ
1711 1932 1763 1961 τοῦ

1090 1978 1276 2017 πράγματος,
1288 1977 1445 2007 malitiosae
1455 1976 1603 2006 orationis
1615 1975 1761 2015 strophae,

1089 2020 1203 2061 quibus
1228 2025 1329 2050 orator
1357 2020 1518 2060 improbus
1546 2018 1671 2048 studeat
1698 2028 1761 2048 rem

1089 2064 1271 2103 flagitiosam
1302 2062 1438 2093 colorare
1469 2066 1502 2092 et
1533 2061 1763 2092 commendare.

1089 2108 1143 2142 23,
1156 2109 1209 2137 42.
1233 2105 1366 2146 ἐξηγητὴν
1381 2107 1478 2136 τοῦτον
1491 2104 1588 2138 λαβὼν
1603 2105 1654 2137 τῆς
1666 2104 1763 2137 πάσης

1087 2148 1266 2183 κακοηθείας.
1283 2151 1337 2184 33,
1351 2150 1404 2179 25.

1045 2192 1201 2232 κακοήθης]
1225 2190 1378 2225 ἀντιθέτοις
1403 2187 1691 2229 ἐπιβεβουλευμένοις
1713 2187 1762 2218 καὶ

1087 2235 1239 2266 κακοήθεσι
1257 2233 1513 2276 ψυχαγωγεῖσθαι.
1529 2235 1582 2268 28,
1601 2235 1654 2263 18.

1044 2277 1142 2319 κακόν]
1166 2278 1192 2308 ἐν
1215 2278 1303 2309 παντὶ
1325 2277 1405 2316 κακῷ
1427 2276 1580 2317 γενόμενος,
1601 2275 1641 2305 ad
1661 2278 1759 2305 extre-

1088 2332 1169 2351 marn
1186 2322 1340 2352 adductus
1359 2320 1524 2350 iniseriam.
1545 2321 1577 2354 9,
1590 2319 1642 2347 27.
1672 2328 1760 2357 προσ-

1087 2364 1246 2404 λαμβάνειν
1271 2363 1358 2394 καινδν
1386 2362 1478 2393 κακόν.
1508 2364 1539 2397 9,
1555 2363 1607 2392 39,
1640 2361 1762 2394 ἀνιάτοις

1086 2409 1185 2442 κακοῖς
1200 2407 1389 2447 περιβάλλειν
1410 2405 1515 2436 τούτων
1537 2404 1685 2436 ἑκάστους.
1705 2405 1760 2439 69,

1087 2452 1140 2481 37.
1163 2450 1266 2481 ἀνίατα
1288 2450 1336 2479 καὶ
1360 2449 1503 2479 ἀνήκεστα
1523 2447 1613 2477 κακά.
1635 2448 1689 2481 75,
1704 2448 1757 2477 42.

1088 2493 1313 2534 ὑπομιμνήσκειν
1327 2495 1428 2522 κακῶν.
1442 2491 1519 2522 ibid.
1534 2487 1695 2522 ἀνηκέστοις
1703 2500 1757 2518 κα-

1086 2538 1145 2570 κοῖς
1160 2540 1208 2568 τήν
1224 2534 1305 2566 πόλιν
1319 2536 1510 2576 περιβάλλειν.
1527 2535 1581 2568 86,
1595 2534 1626 2562 8.

1042 2580 1142 2621 κακὸς]
1166 2579 1273 2620 ὁμιλῶν
1295 2578 1391 2610 ἥδεται
1406 2578 1514 2611 κακοῖς.
1529 2578 1582 2612 21,
1594 2576 1647 2604 40.
1671 2573 1757 2613 φύσις

1086 2624 1163 2653 ποιεῖ
1174 2623 1275 2655 κακοὺς
1290 2620 1305 2652 ἢ
1318 2622 1470 2663 χρηστοὺς,
1482 2619 1510 2649 οὐ
1522 2615 1685 2647 Μακεδονία.
1703 2619 1757 2653 48,

1085 2668 1139 2696 30.
1161 2666 1247 2694 κακοῦ
1262 2664 1351 2704 ἀνδρὸς
1368 2663 1516 2702 ξύμπασα
1534 2659 1617 2695 πόλις
1632 2659 1755 2699 ἀπηύρα.

1085 2711 1139 2745 49,
1155 2710 1206 2739 26.
1223 2712 1254 2738 et
1268 2709 1322 2742 73,
1336 2709 1368 2737 3.
1392 2704 1503 2740 Σκύθης
1518 2702 1614 2737 κακός.
1631 2704 1685 2738 52,
1698 2705 1752 2732 20.

1084 2751 1167 2786 οὐδεὶς
1181 2751 1260 2790 ὑμῶν
1274 2749 1320 2780 διὰ
1334 2751 1389 2783 τὰς
1409 2747 1486 2788 ἐμὰς
1501 2747 1593 2780 ἡδονὰς
1606 2745 1699 2775 κάκιον
1714 2745 1753 2774 οἶ-

1083 2796 1138 2824 κεῖ.
1154 2794 1226 2833 (sed
1243 2792 1375 2833 pertinet
1389 2792 1448 2821 hoc
1463 2790 1566 2832 potius
1580 2789 1620 2819 ad
1633 2786 1754 2829 κακῶς.)

1083 2837 1138 2873 52,
1160 2839 1214 2867 31.
1245 2835 1325 2864 κακοὶ
1348 2836 1396 2866 τὴν
1418 2833 1514 2875 ψυχὴν
1537 2832 1576 2867 εἷς
1597 2829 1646 2862 τόν
1668 2831 1753 2871 δῆμον

1082 2879 1219 2918 γίνωνται.
1234 2880 1287 2913 60,
1301 2880 1353 2909 13.
1674 2875 1687 2886 ’

1039 2922 1202 2964 κακοῦργος]
1225 2918 1362 2962 προέολιὶς
1377 2916 1502 2960 δημοσίᾳ.
1516 2914 1680 2958 ποιούμεθα
1696 2917 1752 2946 τῶν

1081 2967 1262 3005 συκοφαντῶν
1295 2965 1330 2998 ὡς
1359 2962 1527 3002 κακούργων,
1559 2969 1752 2995 accusamus,

1082 3008 1265 3046 deferimus,
1281 3006 1371 3038 titulo
1387 3005 1534 3047 προβολῆς.
1551 3005 1606 3041 47,
1622 3004 1674 3034 26.
1698 3013 1750 3032 κα-
