1966 3340
332 196 368 244 4⁴
718 205 751 246 Ι.
782 205 1045 247 TAYLORI
1082 204 1401 247 PRAEFATIO

326 312 448 355 Ουδίκῳ
468 311 642 356 διατρίψας
657 313 699 345 τὰ
716 317 846 357 πρῶτα,
860 314 999 356 ὕστερον
1015 312 1047 344 δὲ
1066 313 1225 358 Μισγόλᾳ
1242 314 1296 346 καὶ
1307 312 1528 357 Ἡγησάνδρῳ
1543 315 1590 355 τῷ
1605 311 1800 356 Λεοδάμαν-

327 380 384 406 τος
401 367 550 411 ἐρωμένῳ
567 369 736 411 μισθώσας
760 369 877 408 αὑτὸν,
899 369 953 401 καὶ
977 367 1045 410 μετ’
1062 369 1185 406 αὐτοὺς
1205 368 1409 410 Πιτταλάκῳ
1435 369 1559 408 συνὼν,
1584 370 1647 407 τῆς
1669 368 1801 405 πόλεως

324 422 445 466 οἰκέτῃ.
469 423 702 465 ἐπίτροπος
728 423 769 455 δὲ
797 424 1004 466 αἱρεθεὶς,
1034 422 1435 467 Ἀριστογείτονος
1467 423 1756 456 άντειπόντο
1771 435 1800 462 ς,

325 477 386 509 διε
401 478 514 509 κωλὺ
528 478 589 517 9η.
629 480 677 519 τῷ
694 479 773 519 θείῳ
792 477 823 509 δὲ
841 479 915 510 ὄντι
932 478 1058 520 τυφλῷ,
1078 479 1132 510 καὶ
1149 478 1298 514 ἀξιοῦντι
1325 479 1409 521 μετὰ
1436 481 1504 510 τῶν
1528 476 1708 511 ἀδυνάτων
1732 477 1802 521 τρέ-

324 534 456 575 φεσθαι,
472 534 509 564 οὐ
525 536 698 565 συνεῖπεν·
718 532 791 565 οὐδὲ
809 535 852 576 τῇ
868 534 966 576 μητρὶ
984 533 1154 576 χρηζούσῃ
1172 537 1239 565 τῶν
1257 534 1454 576 ἀναγκαίων
1475 532 1711 576 ἐπεκούρησεν.
1729 533 1800 573 ἥλω

324 587 357 620 δὲ
377 589 443 621 ὑπὸ
462 588 627 630 Αἰσχίνου
645 589 816 631 πορνείας,
835 587 940 631 γέρων
964 587 1023 620 ὤν.
1074 586 1288 621 Orationem
1314 586 1569 630 Aristogitonis
1590 589 1718 620 contra
1737 586 1803 620 Ti-

326 642 515 675 marchum
542 642 665 674 iaudat
693 641 938 685 Harpocratio
966 652 1000 674 v.
1033 642 1256 683 Αὐτοκλείδης
1279 646 1315 675 et
1342 642 1559 686 Θέρσανδρος,
1586 640 1803 675 Scholiastes

327 695 417 729 item
436 696 677 739 Hermogenis
692 705 775 738 pag.
793 698 874 729 296.
893 698 929 728 et
942 695 1084 729 Suidas.
1128 696 1195 729 llle
1214 698 1269 730 est
1286 697 1525 740 proculdubio
1543 706 1651 740 quem
1668 705 1803 729 memo-

325 753 381 783 rat
396 750 645 791 Quintilianus
659 749 757 782 XII.
778 751 832 783 lo.
864 748 1020 783 Transeo
1039 748 1227 794 plurimos,
1246 750 1460 796 Lycmyum,
1485 749 1745 796 Aristogitona,
1769 757 1803 784 et

325 805 378 838 his
391 804 542 849 priores,
561 803 705 845 Ιεαηινη,
729 803 994 849 Antiphontem,
1016 816 1099 849 quos
1120 810 1159 837 ut
1179 804 1327 838 homines
1343 804 1435 839 inter
1459 816 1495 839 se
1514 816 1644 850 genere
1660 803 1800 838 similes,

327 858 531 904 differentes
547 858 676 892 dixeris
692 858 812 903 speeie.
856 858 914 892 De
937 870 1010 903 quo
1027 859 1186 903 denique
1202 859 1344 893 rhetore
1361 860 1518 904 plurima
1535 859 1801 893 consarcinavit

325 914 591 947 eruditissimus
619 913 852 954 Mausmus,
870 912 957 946 Not.
978 913 1022 946 ad
1050 912 1229 957 Harpocr.
1247 924 1330 957 pag.
1350 915 1429 948 117.
1475 913 1712 948 Timarchum
1738 924 1802 947 au-

324 973 411 1011 tern,
429 971 469 1002 ut
484 968 521 1002 in
541 968 704 1002 ordinem
731 969 888 1010 redeam,
906 979 991 1002 eum
1015 969 1051 1001 in
1069 968 1145 1001 foro
1162 968 1359 1012 plurimum
1387 972 1552 1002 versatus
1570 971 1676 1011 esset,
1701 969 1803 1012 (con-

324 1023 447 1057 ciones
473 1022 571 1056 enim
590 1022 880 1066 frequentissime
898 1022 1036 1064 habuit,
1056 1025 1092 1056 et
1117 1022 1321 1066 rogationes
1345 1023 1481 1056 multas
1506 1023 1607 1068 tulit)
1629 1023 1801 1057 credibile

325 1081 382 1112 est
400 1078 494 1112 inter
510 1077 764 1111 celeberrimos
780 1077 953 1122 loquendi
973 1077 1162 1121 magistros
1180 1089 1201 1111 a
1223 1077 1391 1121 Longino
1414 1078 1605 1122 numerari,
1632 1089 1724 1123 quos
1740 1077 1800 1112 iilc

323 1135 499 1177 tanquam
518 1131 740 1177 eloquentiae
765 1136 933 1176 parentes
949 1131 1004 1166 his
1021 1132 1138 1165 verbis
1156 1132 1192 1165 in
1211 1131 1412 1175 fragmento
1434 1132 1592 1177 quodam
1610 1132 1801 1176 designat:

326 1190 477 1233 Κορωνὶς
498 1187 524 1220 δ’
541 1188 626 1220 ἔστω
642 1188 747 1231 λόγου
761 1189 893 1226 παντὸς
907 1189 962 1220 καὶ
979 1187 1192 1231 φρονὴματος
1203 1187 1405 1227 Ἑλληνικοῦ
1423 1187 1650 1231 Δημοσθένης,
1664 1189 1800 1232 Λυσίας,

326 1243 502 1286 Αἰσχίνης,
518 1242 734 1286 Ἀριστείδης,
747 1242 884 1281 Ἰσαῖος,
909 1247 934 1275 Τ
947 1243 957 1274 ί
968 1255 990 1284 μ
1003 1255 1024 1274 α
1035 1255 1053 1285 ρ
1065 1256 1088 1284 χ
1100 1254 1153 1281 ος,
1181 1241 1376 1285 Ἰσοκράτης
1399 1240 1521 1274 ceteri.
1580 1241 1630 1274 Et
1653 1241 1801 1274 fortasse

324 1299 373 1332 ad
389 1309 474 1332 eum
492 1299 660 1341 spectant
677 1296 785 1330 verba
802 1296 881 1330 haec
907 1307 928 1329 a
946 1296 1085 1330 Rutilio
1111 1296 1219 1340 Lupo
1244 1296 1281 1328 in
1308 1298 1476 1329 extremo
1492 1306 1600 1340 opere
1619 1294 1799 1329 adducta:

325 1351 417 1387 Item
431 1354 512 1387 T1M
519 1361 635 1386 ARCHI
651 1363 660 1386 z
688 1351 813 1397 Itaque
827 1358 865 1385 uc
872 1350 1079 1396 familiares
1097 1350 1311 1392 videbantur,
1336 1349 1396 1384 lios
1416 1349 1665 1384 necessitudine
1687 1348 1801 1393 opitu-

320 1406 418 1441 landi
440 1405 641 1448 adstrinxit,
666 1405 792 1451 hosque
817 1405 955 1451 ignotos
971 1405 1073 1451 justa
1105 1403 1342 1439 benevolentioe
1373 1416 1477 1439 cansa
1502 1403 1622 1438 illexit.
1686 1404 1800 1444 [Vide

322 1461 534 1496 Ruhnkenii
549 1461 600 1495 V.
619 1461 661 1494 C.
681 1463 803 1493 annot.
823 1461 870 1494 ad
889 1459 922 1494 h.
937 1461 960 1494 1.
979 1471 1015 1504 p.
1034 1463 1092 1494 88.
1111 1462 1148 1492 et
1162 1462 1241 1494 136.
1260 1460 1323 1504 qui
1340 1460 1448 1494 docet
1464 1459 1500 1493 D
1514 1460 1533 1493 I
1546 1459 1579 1493 N
1593 1459 1622 1493 A
1641 1458 1672 1492 R
1687 1459 1715 1492 C
1730 1458 1766 1491 H
1779 1459 1797 1492 I

319 1517 391 1561 leg.
409 1527 500 1550 csse.
521 1513 708 1562 REISKE]
740 1515 799 1548 Dc
817 1514 884 1548 hoc
901 1515 1044 1548 homine
1058 1515 1334 1558 aliquammulta
1352 1514 1578 1558 consignavit
1593 1514 1744 1548 Tzetzes
1762 1513 1799 1546 in

319 1570 468 1605 versibus
494 1571 568 1604 suis
593 1569 756 1615 politicis,
783 1569 881 1602 verbi
907 1568 1034 1612 gratia,
1056 1568 1212 1602 Chiliad.
1230 1568 1300 1603 VI.
1322 1572 1355 1602 5.
1374 1571 1454 1603 105.
1474 1571 1554 1603 138.
1582 1563 1797 1602 etcsverum

319 1637 401 1671 quae
420 1626 514 1660 banc
533 1634 679 1659 causam
699 1623 926 1668 potissimum
946 1625 1123 1668 spectant,
1141 1622 1221 1656 haee
1235 1625 1320 1656 sunt
1336 1634 1418 1667 quae
1434 1625 1658 1668 sequuntur:

552 1702 661 1744 Οὗτος
677 1706 694 1738 ὁ
707 1705 886 1749 Ἀριζήλου
902 1707 964 1749 μὲν
981 1706 1151 1749 Τίμαρχος
1168 1707 1262 1743 παῖς,
1280 1705 1298 1737 ὁ
1316 1704 1456 1748 πόρνος,

556 1761 593 1793 “O
606 1761 702 1803 φίλος
717 1758 950 1803 Δημοσθένους
966 1759 998 1791 δὲ
1015 1761 1074 1791 τοῦ
1093 1760 1488 1802 πανσεμνοστομοῦντος.

552 1816 619 1848 Καὶ
636 1815 853 1859 γραμματεῖς,
869 1815 924 1846 καὶ
937 1813 1076 1857 ῥήτορες
1093 1814 1271 1854 ὄντες-τῶν
1287 1813 1496 1855 Ἀθηναίων,

552 1870 664 1903 Ἑπτά
681 1883 715 1902 τε
731 1870 831 1902 ἄλλοι
848 1869 1051 1912 πρεσβευταὶ
1069 1871 1128 1901 τοῦ
1142 1868 1262 1911 γένους
1274 1868 1478 1910 Ἀθηναίων,

553 1921 613 1962 Οἷς
624 1924 678 1957 καὶ
694 1923 715 1963 ἡ
731 1926 825 1956 πᾶσα
841 1924 934 1966 χώρα
952 1924 1006 1955 καὶ
1023 1926 1092 1956 τῶν
1107 1922 1269 1963 Ἀθηνῶν
1284 1923 1456 1967 συνήργει,

552 1980 652 2012 Κατὰ
671 1979 834 2021 Αἰσχίνου
851 1978 998 2017 ἔστησαν
1016 1977 1110 2018 δίκην
1125 1978 1411 2022 παραπρεσβείας,

549 2033 609 2066 Ἦι
626 2034 682 2066 καὶ
699 2035 845 2072 Συντεὺς
861 2033 1048 2076 κατήγορος
1065 2033 1216 2073 ἐνίκησεν
1229 2034 1274 2066 ἂν
1291 2032 1437 2072 πάντας.

548 2088 661 2132 ’Όμως
674 2088 759 2120 οὕτω
777 2090 838 2120 τὸν
852 2088 980 2128 ἥττονα
994 2088 1102 2131 λόγον
1116 2088 1282 2130 Αἰσχίνης
1294 2087 1384 2130 ἔχων

552 2147 675 2188 Πρῶτα
691 2144 824 2176 καθεῖλε
840 2144 1013 2188 Τίμαρχον
1027 2143 1136 2182 δείξας
1149 2143 1418 2186 πεπορνευκότα,

547 2198 609 2238 Ὠς
627 2198 825 2241 Μισγολάου
841 2199 940 2242 φίλον
952 2200 1014 2241 μὲν
1027 2199 1111 2231 ὄντα
1124 2200 1183 2231 τοῦ
1199 2196 1367 2241 φιλονέου,

552 2254 620 2286 Καὶ
634 2254 734 2296 φίλον
751 2253 968 2286 Πιτταλάκου
984 2253 1017 2286 δὲ
1035 2253 1141 2287 πάλιν
1155 2255 1213 2286 τοῦ
1226 2253 1368 2296 ὀρνιθία.

1466 2250 1559 2286 Chii.
1577 2249 1646 2285 VI.
1663 2253 1720 2287 47.

319 2334 446 2368 Habes
463 2331 632 2366 nimirum
650 2331 799 2366 lambos
821 2333 1051 2366 tetrametros
1075 2331 1322 2374 catalecticos,
1340 2329 1458 2375 qualis
1472 2334 1527 2364 est
1543 2330 1603 2364 illc
1624 2330 1789 2365 Terentii

317 2391 355 2422 in
373 2388 534 2432 Hecyra,

502 2458 598 2492 Nam
613 2458 643 2493 si
659 2456 834 2492 remittent
850 2456 1034 2503 quippiam
1101 2456 1107 2503 Ι
1176 2455 1396 2491 ΡΙιὶἷῐινηοπω
1409 2455 1554 2499 dolores,

315 2529 384 2564 hoc
398 2532 520 2564 tamen
533 2529 696 2574 praefato,
713 2539 844 2573 nempe
861 2528 891 2562 si
905 2538 1031 2562 corum
1049 2528 1161 2562 ictum
1176 2527 1468 2572 etscansionem,
1483 2537 1556 2561 non
1570 2526 1785 2571 syllabarum

313 2585 486 2629 pondere,
515 2595 652 2626 verum,
680 2595 763 2629 quae
791 2586 870 2618 erat
898 2583 1002 2618 istius
1026 2583 1145 2618 aetatis
1174 2583 1367 2626 barbaries,
1397 2585 1619 2618 accentuum
1644 2582 1785 2619 rationo

317 2639 525 2674 dimetiaris.
553 2651 603 2674 sc.

501 2717 527 2745 Ο
545 2713 639 2755 φίλος
657 2711 888 2755 Δημοσθένους
903 2711 934 2743 δε
1050 2708 1056 2754 1
1124 2723 1183 2743 του
1200 2709 1595 2754 πάνσεμνοστομούντος.

316 2782 352 2813 ct
370 2780 544 2822 similiter,

502 2854 598 2886 Επτά
620 2867 651 2887 τε
671 2856 769 2886 αλλοι
788 2853 987 2897 πρὲσβευται
1047 2851 1051 2897 Ι
1123 2865 1179 2884 του
1199 2851 1315 2895 γένους
1333 2852 1526 2892 Αθηναίων.

315 2917 349 2947 ct

501 2976 543 3004 Ηι
562 2972 613 3005 καί
630 2976 774 3012 >ztan-eug
793 2973 976 3015 κατίιγορος
1053 2969 1059 3015 i
1128 2970 1279 3010 ενίκησεν
1297 2982 1341 3003 αν
1362 2968 1507 3008 πάντας.
