1981 3322
744 191 1079 234 PRAEFATIO.
1592 193 1647 232 vii

185 307 225 340 et
244 301 326 340 sine
341 300 485 351 quibus
507 300 585 338 loci
606 313 652 338 ex
674 300 832 350 integris
849 301 973 338 manci
992 305 1031 337 et
1052 298 1174 337 mutili
1194 297 1420 336 redduntur.
1461 299 1649 348 Exempla

187 370 317 402 autem
339 364 399 402 vel
426 363 666 402 conferendo
697 362 796 400 hanc
818 375 944 400 meam
965 362 1197 399 Aldinamve
1219 374 1307 398 eum
1337 360 1400 397 illa
1425 361 1651 405 Bassseensi,

183 426 245 463 vel
274 438 377 463 meas
409 424 692 463 Anuotationes
722 424 902 473 legendo,
935 424 1042 467 satis,
1074 429 1142 460 aut
1172 423 1305 472 potius
1338 422 1497 458 nimium
1530 423 1650 459 multa

184 486 472 526 invenientur.”
487 509 538 515 —-
555 487 664 530 Quas
685 485 746 523 hic
768 486 990 536 Stephanus
1017 490 1310 530 commemorat,
1334 483 1531 534 pauloque
1560 491 1652 533 post

184 547 327 586 iterum
358 556 475 599 atque
507 549 645 585 iterum
677 547 1014 591 commemorabit,
1043 546 1318 584 annotationes
1349 545 1396 582 ad
1427 545 1652 582 AEschinem

186 623 288 656 suas,
311 623 368 648 eae
395 622 593 659 nunquam
624 609 864 659 prodierunt,
889 609 958 646 nisi
989 608 1090 645 forte
1121 621 1192 658 per
1222 621 1288 645 sex
1317 607 1435 644 libros
1463 607 1652 645 Schedia-

187 679 353 710 smatum
382 684 527 722 sparsae
548 677 649 716 sunt,
683 671 752 720 qui
783 671 871 708 libri
902 684 993 707 cum
1023 669 1219 708 indicibus
1248 677 1421 716 careant,
1442 682 1519 707 non
1541 675 1654 707 vacat

187 746 292 771 nuno
320 745 386 770 eos
413 733 673 783 pervolutare.
730 733 846 783 Saepe
877 732 1115 782 Stephanus,
1137 731 1292 769 institor
1317 731 1514 777 librarius,
1545 731 1654 768 lucro

185 795 351 841 inhians,
382 801 424 833 ut
448 795 568 833 libros
597 807 619 832 a
648 807 688 832 se
719 807 884 832 excusos
913 794 1095 831 nundinis
1126 793 1393 831 Fransurtanis
1424 793 1654 843 urgentibus

185 857 428 902 extunderet,
460 857 619 894 nimium
649 856 876 901 festinabat,
910 862 952 894 ut
982 869 1150 906 persona
1180 855 1340 893 editoris
1368 854 1437 892 fidi
1472 861 1512 893 et
1546 855 1655 893 docti

187 918 336 956 faceret
362 918 559 956 interdum
586 916 758 967 indigna,
780 917 1002 967 famamque
1029 917 1219 954 literatam
1241 917 1496 966 decoqueret.
1554 917 1655 954 (ilo-

186 980 310 1018 riosus
330 986 426 1026 erat,
445 987 486 1018 et
505 979 750 1017 obtrectator
769 979 947 1024 aliorum,
967 985 1007 1017 et
1031 978 1134 1016 hand
1166 992 1265 1024 raro,
1293 992 1382 1028 quoe
1403 991 1486 1015 sors
1508 978 1656 1016 thraso-

187 1055 279 1079 num
299 1047 358 1079 est
377 1041 625 1089 inevitabilis,
642 1041 843 1091 impostor.
865 1063 916 1069 —
931 1045 955 1063 “
970 1041 1112 1090 Neque
1133 1047 1262 1077 tamen
1289 1040 1359 1087 (sic
1381 1053 1509 1077 rursus
1529 1041 1657 1090 pergit

188 1103 426 1154 Stephanus,
461 1103 572 1153 quasi
603 1102 778 1140 fomento
810 1101 979 1152 quodam
1011 1102 1129 1139 lenire
1161 1102 1305 1139 illatam
1342 1102 1496 1152 plagam
1528 1103 1658 1148 vellet)

188 1167 305 1205 talem
328 1165 408 1203 sive
429 1165 648 1209 audaciam,
678 1165 755 1202 sive
777 1164 1052 1209 temeritatem,
1076 1164 1155 1201 sive
1185 1163 1465 1202 confidentiam
1496 1177 1573 1202 non
1607 1166 1657 1210 ei,

188 1228 303 1277 cujus
323 1241 371 1265 ex
391 1226 546 1277 ingenio
574 1226 766 1277 profectae
786 1233 876 1264 sunt
907 1227 985 1264 illae
1012 1227 1266 1275 conjecturae,
1299 1226 1397 1271 viro,
1428 1239 1506 1265 non
1533 1227 1656 1265 solnm

187 1290 429 1334 doctissimo,
452 1289 520 1327 sed
540 1289 655 1327 etiam
680 1289 979 1338 modestissimo,
1002 1289 1070 1326 sed
1099 1288 1315 1326 correctori
1346 1289 1514 1339 cuipiam
1545 1296 1660 1340 typo-

187 1352 387 1402 graphico,
410 1352 543 1402 digno,
564 1351 631 1401 qni
654 1351 784 1401 flagris
804 1352 1035 1402 corrigatur,
1057 1351 1324 1402 imputandam
1347 1366 1431 1390 esse
1459 1354 1593 1402 puto.''
1608 1376 1659 1381 -«

186 1416 249 1453 De
269 1413 457 1452 modestia
479 1413 638 1464 quidem
658 1413 789 1451 Wolfii
809 1421 952 1459 tacere,
972 1413 1022 1450 mi
1043 1413 1254 1464 Stephane,
1276 1415 1396 1451 satius
1418 1414 1556 1459 fuerat,
1579 1429 1658 1466 quo

186 1491 301 1515 nemo
330 1483 404 1525 est,
429 1483 495 1514 aut
527 1475 600 1514 fuit
622 1489 808 1526 unquam,
831 1476 889 1514 sui
912 1476 1141 1526 jactantior.
1199 1477 1322 1526 Legat
1349 1476 1450 1527 quis.
1471 1477 1502 1514 si
1528 1484 1660 1528 potest

187 1553 275 1578 cnm
299 1539 500 1590 patientia,
520 1538 774 1588 praefationes
796 1541 894 1588 ejus.
951 1540 1057 1576 Odio
1081 1539 1287 1586 jactantiae
1308 1553 1396 1576 eum
1423 1540 1658 1578 enecabant.

189 1601 252 1638 De
286 1605 508 1638 correctore
537 1606 682 1644 autem,
703 1595 789 1637 cras
818 1600 986 1644 credam,
1018 1601 1133 1637 hodie
1164 1600 1278 1638 nihil.
1339 1602 1478 1638 Procul
1499 1602 1657 1651 quidem

186 1662 340 1701 Basilea
373 1660 537 1699 XVolfius
572 1662 720 1706 aberat,
759 1663 950 1712 Augustae
982 1661 1278 1699 Vindelicorum
1311 1663 1470 1712 degens,
1504 1670 1544 1701 et
1576 1663 1659 1714 ipse

190 1737 295 1774 saepe
315 1723 365 1761 de
391 1722 641 1760 multitudine
669 1729 787 1772 atque
816 1722 991 1760 foeditate
1017 1723 1244 1760 mendarum
1273 1724 1459 1773 queritur,
1489 1738 1585 1775 quas
1607 1726 1662 1762 ait

187 1798 260 1837 per
279 1797 487 1835 operarum
506 1790 625 1834 atque
650 1791 917 1822 correctorum
947 1784 1136 1834 ignaviam
1160 1784 1198 1821 in
1218 1785 1429 1823 editionem
1462 1787 1661 1825 Basileen-

189 1861 268 1886 sem
290 1847 504 1897 irrepsisse.
562 1847 672 1884 Solet
692 1845 789 1884 fieri.
838 1847 1120 1884 Germanicam
1142 1860 1267 1885 meam
1289 1847 1410 1898 ipsius
1431 1848 1662 1899 interpreta-

188 1909 335 1948 tionem
355 1908 574 1946 orationum
597 1909 874 1946 Demosthenis
895 1915 1014 1958 atque
1037 1908 1234 1946 AEschinis
1254 1922 1384 1959 operae
1407 1911 1663 1961 Lemgovien-

189 1984 250 2009 ses
270 1970 465 2021 pudendis
484 1969 634 2008 mendis
648 1971 962 2020 coinquinarunt.
992 1970 1112 2008 Certo
1133 1977 1261 2009 tamen
1281 1978 1342 2009 est
1357 1972 1516 2018 certius,
1533 1973 1660 2023 ipsum

188 2031 374 2071 Wolfium
395 2031 683 2082 praescripsisse
705 2039 744 2070 et
771 2032 982 2082 imperasse
1015 2032 1146 2082 operis
1178 2033 1482 2082 Basileensibus,
1504 2043 1546 2073 ut
1566 2049 1660 2073 con-

183 2094 359 2144 jecturas
387 2106 475 2131 suas
507 2106 642 2131 omnes
671 2095 710 2131 in
741 2100 889 2131 textum
920 2094 1188 2140 immitterent,
1213 2094 1284 2132 uisi
1315 2095 1446 2146 potius
1474 2096 1558 2147 ipse
1586 2097 1660 2134 illis

189 2156 410 2206 exemplum
432 2156 550 2202 misit,
571 2155 680 2205 quod
703 2156 924 2202 redderent,
946 2170 966 2193 a
989 2170 1029 2194 se
1050 2164 1165 2194 antea
1195 2158 1244 2195 ad
1278 2165 1445 2196 mentem
1473 2172 1581 2197 suam
1610 2161 1664 2197 in-

187 2219 443 2270 terpolatum.
490 2218 577 2256 Hac
597 2217 756 2268 quidem
779 2219 908 2269 culpa,
927 2232 1014 2269 quae
1036 2218 1239 2269 insigniter
1259 2219 1451 2269 flagitiosa
1471 2228 1543 2267 est,
1560 2235 1661 2272 prae-

189 2281 323 2319 sertim
352 2293 440 2318 cum
470 2279 640 2318 lectores
670 2293 749 2316 non
781 2281 951 2317 cavisset
979 2281 1201 2327 admonere,
1230 2281 1343 2319 Wolf
1370 2282 1527 2320 liberari
1554 2284 1662 2321 nullo

190 2342 310 2381 modo
330 2347 475 2393 potest.
532 2341 739 2391 Flagitium
761 2342 857 2379 illud
880 2342 1001 2380 invito
1021 2356 1061 2379 se
1082 2343 1112 2380 si
1138 2343 1348 2380 admissum
1377 2344 1463 2390 fuit,
1492 2358 1563 2383 cur
1586 2359 1661 2383 non

190 2404 360 2443 inhibuit
381 2403 542 2441 statim!
599 2403 790 2441 credibile
809 2403 913 2442 enirn
935 2411 995 2442 est
1015 2405 1228 2454 specimina
1247 2406 1296 2443 ad
1317 2419 1405 2443 enm
1427 2407 1543 2445 missa
1563 2421 1662 2454 esse,

189 2473 402 2517 antequam
421 2478 520 2515 opus
540 2464 578 2502 in
603 2464 802 2503 hominum
824 2480 958 2504 manns
979 2466 1139 2505 veniret.
1197 2469 1281 2505 Aut
1310 2469 1341 2505 si
1371 2482 1458 2506 sero
1487 2470 1661 2508 animad-

191 2528 322 2574 vertit,
343 2540 412 2566 cur
432 2527 469 2564 in
491 2526 723 2577 praefatione
744 2540 821 2564 non
842 2534 901 2565 est
924 2529 996 2566 hac
1018 2530 1066 2566 de
1088 2529 1231 2577 injuria
1251 2530 1323 2567 sibi
1346 2530 1448 2568 faeta
1473 2532 1663 2581 questus?

192 2604 264 2629 cur
281 2602 359 2628 non
379 2588 626 2627 obtestatus?
647 2602 717 2626 cur
734 2589 885 2626 tacuit?
908 2591 951 2627 In
975 2591 1206 2639 praelatione
1229 2591 1259 2629 si
1280 2605 1357 2629 non
1374 2592 1518 2630 licebat
1538 2595 1663 2643 queri,

192 2667 263 2693 cur
282 2652 375 2690 alibi
396 2665 473 2690 non
494 2651 619 2690 fecit?
641 2672 692 2680 ——-
709 2652 784 2690 Sed
819 2653 903 2690 haec
931 2653 1136 2699 hactenus,
1159 2668 1179 2690 e
1200 2654 1431 2704 praefatione
1460 2655 1661 2706 Stephani.

196 2717 320 2766 Cujus
351 2713 591 2765 praefationis
612 2713 775 2763 reliqna,
797 2716 864 2763 qui
887 2715 1005 2760 volet,
1028 2729 1096 2752 suo
1118 2717 1205 2753 loco
1229 2717 1344 2766 legat,
1364 2716 1413 2753 ab
1435 2716 1509 2754 hoc
1531 2718 1663 2756 alieni-

197 2789 277 2814 ora.
316 2775 520 2825 Universe,
537 2775 657 2813 editio
679 2776 908 2813 Graecorum
931 2783 1125 2814 oratorum
1145 2790 1164 2813 a
1187 2778 1388 2826 Stephano
1405 2787 1539 2815 curata
1556 2780 1665 2818 lucu-

195 2836 301 2874 lenta
319 2843 360 2875 et
379 2835 535 2886 egregia
555 2842 627 2881 est,
648 2835 814 2886 ejusque
841 2837 1062 2887 exemplum
1090 2838 1126 2875 in
1150 2839 1332 2876 AEscliiue
1354 2839 1556 2878 reddendo
1577 2848 1665 2880 ante

199 2898 332 2936 oculos
351 2898 484 2943 habui,
503 2911 650 2936 morem
673 2902 821 2944 tenens,
844 2899 880 2936 in
899 2899 972 2937 hoc
993 2913 1152 2950 quoque
1174 2907 1326 2938 oratore
1344 2901 1524 2946 eundem,
1549 2917 1663 2953 quem

200 2961 239 2998 in
259 2959 524 2998 Demosthene
547 2967 760 3007 tenueram,
781 2961 893 3010 cujus
918 2962 1074 3011 quotics
1107 2962 1279 3012 plagulas
1311 2975 1330 3000 a
1363 2963 1471 3013 prelo
1494 2972 1665 3002 ret-vnto>
