1932 3322
586 401 632 453 1.
700 360 1189 454 TAYLORI

678 551 1085 593 PRAEFATIO

861 695 904 714 AD

251 800 807 869 AESCHINIS
894 799 1515 867 EPISTOLAS.

148 973 320 1019 HABES,
347 973 400 1010 mi
436 972 592 1017 Lector,
615 970 811 1022 Epistolas
843 969 1055 1020 AEsclfinis,
1079 969 1169 1019 jure
1202 968 1352 1020 optimo
1383 967 1616 1018 subjunctas

146 1034 211 1073 isti
244 1034 549 1081 Controversiae,
570 1046 659 1084 quae
694 1033 880 1070 Exsilium
915 1031 1156 1081 comparavit
1182 1031 1363 1076 Auctori,
1395 1038 1517 1080 atque
1557 1030 1615 1068 his

146 1097 288 1136 Literis
309 1097 497 1147 originem
524 1095 697 1147 praebuit
716 1101 755 1133 et
775 1100 1060 1146 argumentum.
1118 1094 1208 1140 Quo
1227 1093 1342 1131 etiam
1371 1093 1517 1130 factum
1539 1099 1612 1138 est,

146 1165 190 1196 ut
208 1164 333 1197 totum
355 1158 463 1209 quod
486 1157 646 1208 scripsit
666 1157 885 1202 AEschines,
907 1161 1025 1205 atque
1045 1161 1201 1194 aetatem
1231 1155 1331 1201 tulit,
1354 1155 1392 1192 in
1422 1168 1501 1192 uno
1538 1155 1617 1193 hoc

145 1220 352 1258 Volumine
372 1220 684 1258 concluderetur.

194 1282 278 1320 Has
294 1281 490 1333 Epistolas
506 1282 653 1333 primus
667 1280 771 1332 typis
788 1280 866 1318 suis
883 1280 1028 1318 Graece
1046 1279 1258 1331 descripsit
1274 1278 1416 1329 Aldus,
1431 1278 1617 1326 Venetiis,

143 1345 258 1383 Anno
273 1349 392 1384 1499.
415 1357 491 1383 uua
506 1357 592 1382 cum
611 1343 817 1381 multorum
834 1343 999 1380 aliorum
1020 1343 1250 1387 Rhetorum,
1269 1341 1616 1392 Philosophorum,

142 1406 496 1457 Sophistarumque
530 1406 735 1457 Epistolis.
805 1404 1117 1443 Recudebantur
1149 1403 1293 1442 deinde
1327 1417 1615 1455 saepenumero,

143 1468 228 1507 scil.
248 1467 425 1514 Lovanii,
447 1469 486 1506 in
507 1458 679 1506 Officina
699 1467 860 1518 Rutgeri
889 1466 1034 1513 Remi,
1056 1466 1196 1504 deinde
1230 1467 1403 1513 Parisiis,
1424 1479 1494 1517 per
1525 1467 1617 1504 We-

141 1530 310 1575 ehelum,
329 1537 449 1580 atque
469 1529 560 1567 alibi
591 1529 837 1580 saepiuscule.
894 1529 1045 1567 Primus
1069 1542 1135 1567 eas
1163 1528 1320 1567 Latinas
1352 1528 1446 1566 fecit
1477 1528 1616 1565 Petrus

140 1592 321 1631 Nannius
342 1592 633 1636 Alcmarianus,
648 1597 737 1641 post
751 1604 840 1629 eum
862 1590 1039 1629 Renatus
1056 1590 1285 1629 Guillonius
1302 1589 1618 1629 Vindocinensis.

142 1654 321 1698 Quorum
342 1654 406 1692 hic
425 1653 578 1692 notulas
600 1653 789 1704 quasdam
809 1653 1085 1704 adspergebat‚
1105 1666 1182 1690 non
1200 1652 1360 1703 quidem
1381 1652 1616 1698 ineruditas,

138 1729 268 1767 neque
289 1723 418 1754 tamen
447 1716 538 1754 satis
568 1715 705 1766 dignas
739 1722 781 1753 ut
811 1715 922 1765 prelo
949 1715 1086 1754 iterum
1120 1728 1143 1752 a
1167 1729 1228 1753 me
1263 1715 1616 1753 committerentur.

138 1779 286 1817 Lector
313 1778 413 1816 enim
445 1791 552 1816 meus
572 1778 662 1815 visis
684 1777 801 1815 semel
831 1777 889 1823 iis,
912 1790 1011 1827 quas
1040 1777 1221 1828 excerpsi
1247 1776 1487 1826 (utilioribus
1508 1790 1618 1823 sane,

140 1847 180 1879 et
199 1840 369 1879 melioris
389 1843 510 1890 notae)
529 1854 607 1878 non
627 1852 730 1891 aegre
751 1839 851 1877 feret
871 1852 911 1876 se
934 1839 1144 1877 cariturum
1178 1839 1224 1876 iis
1254 1852 1351 1890 quas
1370 1839 1616 1889 praetermisi.

140 1904 242 1941 Sunt
269 1909 397 1941 tamen
417 1909 609 1953 praeterea
637 1909 676 1940 et
695 1902 783 1940 aliae
811 1901 1161 1951 Interpretationes
1192 1908 1337 1952 praeter
1357 1901 1618 1939 Wolfianam:

141 1965 211 2004 sed
233 1978 398 2016 quarum
419 1965 619 2017 pleraeque
650 1964 744 2003 mihi
772 1965 928 2002 nomine
949 1969 1100 2002 tantum
1121 1964 1400 2008 innotuerunt;
1428 1965 1551 2003 veluti
1570 1978 1618 2003 ea

141 2041 261 2078 quam
300 2027 553 2066 concinnavit
586 2027 752 2065 Ioannes
789 2026 966 2065 Caselius
1004 2026 1324 2070 Rostochiensis;
1369 2027 1459 2064 Alia
1496 2040 1618 2077 porro

141 2090 355 2140 Scriptoris
376 2089 553 2139 Locique
574 2088 741 2133 incerti;
772 2094 816 2126 ut
836 2088 1016 2126 omittam
1037 2101 1121 2126 eam
1142 2101 1260 2138 quam
1281 2088 1468 2126 Aretinus
1490 2088 1616 2135 dedit,

141 2152 254 2189 unius
279 2150 527 2189 solummodo
548 2151 755 2203 Epistolae,
786 2152 823 2187 in
855 2149 1182 2188 bibliothecarum
1212 2150 1388 2199 latebris,
1408 2157 1451 2189 ut
1480 2150 1616 2197 credo,

141 2213 453 2263 delitescentem,
484 2226 571 2259 nec,
600 2213 709 2263 quod
741 2213 877 2258 sciam,
911 2211 1015 2263 typis
1052 2212 1216 2262 publice
1247 2226 1484 2263 expressam.
1542 2213 1614 2251 His

139 2275 281 2314 addam
304 2275 451 2313 xnmam
473 2276 688 2326 Epistolam
710 2275 922 2314 Latinitate
942 2275 1129 2312 donatam
1155 2275 1206 2313 ab
1227 2276 1450 2326 Anonynm,
1472 2282 1511 2313 et
1532 2275 1615 2314 vul-

140 2343 267 2389 gatam
289 2338 387 2376 Ven.
407 2338 457 2376 ab
489 2338 652 2377 Hieron.
681 2338 816 2387 Scoto,
843 2337 892 2375 A.
914 2340 1033 2376 1545.
1065 2350 1142 2375 una
1177 2350 1267 2376 cum
1297 2338 1492 2375 AEscliiuis
1514 2338 1614 2376 Ora-

137 2399 328 2446 tionibus,
358 2406 398 2438 et
418 2399 698 2438 Demosthenis
719 2399 969 2451 quibusdam.

194 2461 342 2499 Harum
363 2462 400 2500 iu
423 2462 665 2500 Recensione
688 2461 848 2512 adjutus
869 2474 951 2499 sum
976 2460 1079 2500 Cod.
1100 2462 1240 2508 Msto,
1265 2462 1371 2500 bono
1393 2475 1500 2512 sane,
1521 2461 1614 2500 licet

142 2536 220 2562 non
248 2523 460 2562 admodum
492 2529 661 2571 vetusto,
695 2537 813 2575 quem
841 2523 1073 2574 possidebat
1103 2524 1194 2562 olim
1223 2524 1445 2563 Richardus
1478 2523 1612 2570 Mead,

142 2598 246 2624 nunc
261 2592 388 2624 autem
405 2587 552 2624 Anton.
576 2586 731 2633 Askew,
747 2586 904 2624 M.DD.
926 2592 1094 2636 uterque
1116 2586 1317 2625 literarum
1339 2586 1453 2624 laude
1474 2585 1613 2624 nobili-

141 2652 258 2686 tatus.
327 2647 424 2697 Ejus
464 2649 732 2699 praestantiam
765 2648 1056 2699 utilitatemque
1095 2649 1304 2700 aliquoties
1342 2648 1615 2699 deprehendet

142 2709 286 2748 Lector
305 2709 344 2747 in
365 2710 484 2749 Notis
505 2723 595 2761 quae
616 2716 844 2762 sequuntur.

197 2772 330 2810 Lectae
359 2779 451 2811 sunt
477 2773 667 2824 Epistolae
695 2774 894 2814 AEschinis
924 2789 946 2814 a
968 2776 1124 2823 Photio,
1147 2777 1214 2827 qui
1238 2774 1275 2812 in
1299 2774 1400 2813 Cod.
1421 2773 1527 2811 LXI.
1549 2785 1613 2811 eas

144 2833 415 2871 honestissimo
438 2834 514 2872 hoc
540 2836 743 2886 praeconio
772 2837 948 2882 ornavit;
979 2839 1094 2889 Τρεῖς
1113 2840 1250 2889 μόνους
1276 2839 1388 2874 αὑτοῦ
1409 2836 1499 2887 φασὶ
1521 2852 1613 2883 7171-

144 2899 244 2938 σίους
266 2893 360 2932 εἶναι
387 2895 580 2948 [Λόγους]
604 2900 662 2935 καὶ
679 2898 726 2937 Θ.
749 2899 978 2943 Ἐπιστολάς.
1038 2901 1104 2938 Διὸ
1130 2901 1215 2942 τοὺς
1236 2899 1303 2949 μὲν
1324 2897 1477 2946 Λόγους
1499 2899 1612 2934 αὑτοῦ

135 2955 236 2999 ,τινὲς
259 2956 494 2996 ΧΑΡῙΤΑΣ
515 2961 715 3009 ὠνόμαζον,
735 2961 790 2999 fui
811 2978 846 3000 τε
864 2963 902 3000 7.ιῖ
920 2964 1049 3013 χάριεν
1068 2968 1127 3000 τοῦ
1150 2962 1281 3008 λόγου,
1302 2962 1357 2999 καὶ
1376 2960 1438 2997 τὼ·
1455 2958 1611 3010 ἀριθμὸν
