1899 3322
693 163 1048 208 AESCHINEAE.

176 271 207 303 eb
222 271 254 303 τὸ
269 271 301 302 ἐκ
317 273 366 308 τῆς
381 271 518 306 ἀληθείας
533 269 650 312 αἰσχρόν
662 272 844 302 σιωπηθήσε-

177 327 239 346 ται.
255 317 309 353 75,
325 319 378 347 36.
398 314 616 357 παραδέχεσθαι
637 313 696 349 ἔθος
716 315 843 355 αἰσχρόν.

177 361 232 395 81,
249 362 301 390 32.
321 359 438 401 αἰσχρόν
458 358 533 394 ἔστι,
554 357 598 388 τὸν
619 357 782 397 αἰτιώμενον
797 358 845 387 οὐκ

176 402 252 442 ἔχειν
264 401 401 440 ἐπιδεῖξαι
413 403 464 437 τῆς
479 401 574 434 αἰτίας
588 399 621 429 τὸ
635 400 718 439 ἔργον.
729 402 843 434 86,22.

178 443 302 480 παιδεία,
317 443 336 486 ᾖ
351 446 565 483 διαγινώσκεται
589 445 628 473 τὰ
642 444 721 473 καλοὶ
741 445 788 473 καὶ
804 446 843 474 τα

177 487 298 528 αἰσχρά.
314 490 366 523 90,
383 490 437 519 32.

130 530 328 571 αἰσχρουργία.
345 534 398 567 41,
417 532 468 561 13.

131 573 261 614 αἰσχρῶς
275 572 424 605 Βεζιωκότι
442 572 577 613 ’προεῖπον
597 573 619 602 οῖ
642 572 718 613 νέμοι
739 574 782 612 μὴ
797 572 842 603 δη-

174 618 315 656 μηγορεῖν.
343 621 374 653 1,
399 619 449 648 13.
482 617 690 656 παρεγγραφεὶς
717 616 843 657 αἰσχρῶς

176 658 307 693 πολίτης.
332 663 387 696 38,
416 662 464 689 10.
492 659 573 699 ἀρκεῖ
592 671 644 698 μοι
665 662 766 700 μικρὰ,
794 658 843 688 καί

175 702 305 743 μειζόνων
318 703 446 744 αἰσχρῶς
461 701 508 731 οὐκ
525 700 674 743 ἐπιθυμῶ.
693 704 746 738 85,
762 705 792 733 6.

132 744 328 786 αἰσχύνεσθαι
341 748 405 780 τοὺς
420 742 638 786 τῦρεσςυτέρους.
651 749 683 782 4,
700 748 752 776 21.
774 743 843 786 ὑπέρ

174 799 246 822 τινος
261 788 467 830 αἰσχύνεσθαι,
482 798 536 828 pro
551 789 665 829 aliquo,
680 788 746 829 ejus
770 798 843 818 cau-

174 842 219 868 sa,
235 832 398 872 pudefieri.
412 831 657 870 ἐγκαλύπτεσὲαι
672 830 842 873 αἰσχυνθέν-

174 886 226 904 τα.
241 878 273 911 4,
289 876 342 906 35.

129 917 269 959 αἰσχύνη]
302 918 438 959 ὀλιγώρως
463 918 538 961 ἔχειν
562 918 635 960 ωρός
657 919 778 949 ἅπασαν
798 918 842 947 αἰ-

174 960 287 1002 σχύνην.
302 965 353 999 10,
373 964 424 993 13.
441 960 656 1002 ωροζάλλονταί
671 974 700 992 τι
718 961 770 1002 πρὸ
791 963 843 995 τῆς

172 1005 321 1046 αἰσχύνης,
339 1006 539 1046 praetendunt
562 1006 689 1047 aliquod
714 1016 843 1046 opercu—

174 1048 236 1078 lum
251 1047 381 1090 flagitio,
401 1048 505 1079 celant
525 1048 628 1090 aliquo
643 1049 720 1079 velo.
741 1052 793 1084 11,
811 1051 841 1079 5.

173 1092 304 1132 περιεῖναι
319 1091 398 1130 αὐτῷ
405 1091 492 1131 μηδὲν
504 1090 583 1128 ἀλλ’,
595 1092 609 1123 ἢ
622 1095 677 1126 τὰς
692 1092 842 1133 αἰσχύνας.

176 1136 228 1170 22,
245 1137 275 1164 8.
291 1135 426 1176 αἰσχύνην
445 1134 515 1170 τινος
535 1137 766 1174 καταγινώσκειν.
788 1138 843 1172 23,

175 1180 228 1207 40.
252 1177 338 1213 οὕτως
352 1177 423 1209 ἦσαν
435 1178 508 1220 ’πρὸς
523 1182 579 1213 τὰς
593 1179 733 1220 αἰσχύνας
747 1185 843 1220 χαλε-

174 1220 232 1251 ποί.
258 1224 311 1258 26,
339 1223 370 1252 5.
407 1222 689 1262 κατακάμπτεσθακ
718 1221 843 1261 (conni-

174 1263 265 1305 vere)
287 1265 362 1305 πρὸς
385 1266 439 1299 τὰς
462 1265 612 1307 αἰσχύνας.
630 1267 683 1302 26,
700 1266 753 1296 33.
777 1276 843 1305 προ-

173 1304 341 1338 canusa-&ai
358 1319 389 1338 τι
403 1307 456 1349 πρὸ
471 1310 523 1343 τῆς
545 1309 693 1350 αἰσχύνης,
710 1312 843 1349 praeten—

173 1350 248 1381 dere
274 1351 389 1388 velum,
415 1352 577 1383 honestam
603 1352 844 1388 excusationem,

173 1394 370 1433 turpitudini.
393 1396 447 1431 55,
471 1398 523 1426 24.
545 1394 609 1424 καθ’
622 1393 781 1437 trineptem
800 1394 844 1424 αἰ-

173 1436 280 1477 σχύνης
297 1437 523 1466 κεκολακευκότα
548 1436 700 1469 Φίλινινιυν,
723 1447 843 1464 summu

173 1489 245 1509 cum
271 1479 438 1509 dedecore.
466 1479 520 1513 62,
547 1479 599 1507 19.
629 1476 773 1518 ἄνθρωπος
798 1477 843 1505 αἰ-

174 1522 265 1564 σχύνη
286 1524 338 1557 τῆς
360 1521 467 1555 πόλεως
490 1520 615 1560 γεγονώς.
641 1522 694 1556 88,
720 1521 771 1550 18.
797 1518 842 1549 ἐκ·

173 1565 282 1605 φεύγειν
297 1564 442 1607 αἰσχύνην.
460 1566 514 1600 89,
533 1566 583 1594 12.
721 1575 723 1577 ’

131 1608 235 1651 αἰτεῖν]
260 1609 383 1642 σπονδὰς
397 1608 457 1642 τοῖς
470 1608 608 1647 σώμασιν
622 1606 721 1643 αἰτεῖν,
737 1607 777 1638 de
795 1617 843 1637 so·

173 1651 211 1683 lis
236 1652 414 1693 corporibus
437 1651 565 1692 pacisci,
593 1650 722 1681 exclusis
742 1650 842 1681 bonis.

173 1697 228 1731 46,
251 1697 304 1727 38.
325 1695 415 1726 αἰτεῖν
427 1694 558 1734 μέλλετε
575 1695 639 1728 τοὺς
653 1693 735 1728 θεοὺς
748 1694 843 1732 τάγα-

173 1736 220 1768 θά.
241 1740 295 1775 70,
317 1739 370 1768 32.
398 1740 447 1777 γῆν
466 1739 515 1767 καί
538 1736 605 1777 ὕδωρ
624 1738 689 1771 τοὺς
702 1735 845 1772 εΈλληνας

173 1782 270 1812 αἰτῶν.
283 1783 338 1818 72,
352 1783 404 1813 26.
429 1779 508 1811 δίοδον
523 1781 612 1811 αἰτεῖν
627 1779 674 1811 ἐπὶ
692 1782 845 1811 Φίλιππον.

174 1828 228 1860 75,
245 1827 276 1856 9.
300 1825 390 1855 αἰτεῖν
404 1826 453 1855 τὴν
468 1823 571 1862 ψῆφον,
587 1834 691 1866 rogare
709 1823 844 1865 judices,

173 1874 210 1898 ut
232 1868 400 1899 secundum
425 1878 492 1897 eam
516 1872 636 1908 partem
662 1868 739 1898 dent
757 1867 844 1908 judi-

174 1911 265 1948 cium,
290 1911 342 1942 cui
365 1911 434 1953 ipse
458 1911 542 1941 favet
565 1921 686 1952 rogans.
714 1913 768 1948 82,
793 1913 843 1940 17.

173 1954 263 1985 αἰτεῖν
288 1953 371 1995 δ’ρκον,
395 1953 520 1996 judices
539 1964 657 1995 rogare,
680 1959 714 1984 ut
737 1959 845 1984 contra

170 1997 389 2039 jusjurandum
416 2008 434 2027 a
455 2007 489 2027 se
515 1997 632 2027 dictum
659 1997 844 2028 sententiam

173 2041 285 2071 ferant.
307 2043 360 2077 82,
378 2042 430 2071 18.
452 2039 531 2080 νόμον
547 2040 647 2076 αἰτεῖν,
669 2050 776 2082 rogare
794 2040 846 2082 ju-

174 2085 273 2121 dices,
287 2089 323 2114 ut
345 2083 469 2125 legibus
483 2083 635 2114 contraria
653 2083 774 2124 judicio
791 2094 846 2114 suo

171 2127 366 2159 confirment.
382 2127 460 2157 ibid.
484 2125 673 2169 δημοκρατίαν
687 2126 788 2163 αἰτεῖν,
798 2137 846 2157 ro-

175 2181 248 2212 gare
268 2170 405 2212 judices,
421 2174 456 2200 ut
469 2170 625 2210 patiantur
640 2169 713 2211 jura
728 2170 846 2201 civibus

174 2224 232 2245 sua
252 2213 333 2256 eripi
356 2218 389 2245 et
411 2213 517 2244 everti.
542 2213 621 2243 ibid.
643 2210 759 2255 χρυσίον
779 2214 847 2253 ὑμῖν

174 2257 203 2288 οὗ
219 2257 310 2288 δώσω.
329 2257 373 2299 μή
388 2266 429 2298 με
442 2256 563 2287 αἰτεῖτε.
585 2256 613 2287 οὗ
629 2259 684 2297 γὰρ
700 2255 845 2295 λήψεσθε.

176 2303 230 2336 88,
248 2304 278 2331 1.

131 2342 229 2386 αἰτία]
245 2343 369 2387 καθαρὸν
385 2342 455 2375 οὕτω
471 2345 525 2385 χρὴ
540 2342 586 2374 τὸν
602 2343 659 2379 βίον
673 2345 724 2374 τοῦ
738 2345 845 2385 σώφρο-

174 2398 215 2421 νος
227 2386 317 2428 ἀνδρὸς
330 2387 410 2424 εἶναι,
425 2388 501 2418 ὥστε
524 2389 567 2428 μη
590 2386 777 2429 ἐπιδέχεσθαι
802 2388 846 2417 δό-

175 2430 226 2469 ξαν
247 2427 343 2464 αἰτίας
358 2432 483 2472 πονηρᾶς.
499 2432 533 2467 7,
549 2433 602 2462 32.
624 2430 779 2470 ἐγγυτάτω
795 2433 846 2467 τῆς

176 2473 283 2510 αἰτίας,
303 2472 376 2504 καθ’
394 2473 423 2504 ἢν
446 2475 460 2504 ἦ
488 2476 626 2514 παροῦσα
646 2473 734 2514 κρίσις
757 2473 847 2512 ἐστὶν,

176 2527 246 2558 quae
267 2517 407 2558 proxime
430 2518 584 2548 accedunt
607 2517 648 2547 ad
673 2518 705 2548 id
721 2517 847 2554 crimen,

176 2561 261 2601 quod
281 2561 342 2591 hoc
358 2561 489 2591 maxime
500 2560 623 2601 judicio
639 2561 780 2601 agitatur.
796 2564 848 2598 15,

176 2606 228 2634 30.
252 2603 395 2634 ἀδυνατεῖν
417 2605 473 2638 τας
496 2602 592 2637 αἰτίας
617 2604 848 2634 ἀπολύσασθαι.

176 2649 230 2682 28,
244 2649 296 2677 10.
317 2646 424 2687 βαρέως
436 2649 485 2678 τὴν
496 2645 591 2676 αἰτίαν
606 2646 718 2686 ήνεγκα.
731 2650 784 2684 28,
797 2650 846 2679 19.

176 2688 233 2720 ἒτιτί
249 2691 301 2724 τῆς
311 2689 407 2724 αἰτίας
421 2690 530 2724 ταύτης
543 2689 621 2720 ὄντα.
637 2693 690 2726 28,
707 2694 760 2722 20.
782 2691 850 2720 ἀνα-

175 2731 283 2763 τιθέναι
299 2731 353 2762 τινῖ
371 2735 426 2767 τὰς
444 2732 540 2767 αἰτίας
554 2736 609 2763 τῶν
625 2733 850 2776 πεπραγμένων.

176 2778 230 2811 29,
246 2777 299 2807 25.
320 2774 500 2811 ἀπιθανότης
523 2778 575 2810 τῆς
596 2775 702 2811 αἰτίας.
725 2780 779 2813 36,
797 2779 850 2807 23.

175 2817 337 2858 ἐμβάλλειν
360 2816 463 2849 αἰτίαν.
487 2821 541 2856 47,
565 2823 616 2851 23.
638 2820 785 2861 ’πόρρωθεν
804 2819 852 2850 ἐπὶ

175 2863 224 2893 τῆν
235 2861 332 2892 αἰτίαν
347 2862 454 2892 ταύτην
469 2863 708 2904 παρεσκευάζετο.
725 2866 780 2898 48,
799 2866 852 2893 41.

173 2905 225 2934 τοῦ
245 2904 300 2943 μὲν
320 2906 397 2944 ὑμᾶς
412 2904 498 2944 μηδὲν
519 2906 620 2936 ἀδικεῖν
638 2906 728 2946 κύριος
743 2905 784 2941 ἦν,
803 2908 852 2936 τοῦ

176 2946 204 2976 δὲ
219 2949 261 2986 μη
277 2947 353 2989 ἔχειν
366 2946 462 2977 αἰτίαν
478 2949 491 2978 ἢ
509 2949 598 2990 τύχη.
617 2951 670 2986 52,
685 2952 739 2980 34.
758 2950 797 2984 εἰς
810 2950 855 2978 αἰ-

173 2989 236 3020 τίαν
249 2989 418 3029 εὐαγγελίων
427 2991 476 3021 καί
492 2989 591 3026 θυσίας
609 2994 657 3022 τὴν
668 2992 768 3026 Βουλῆν
780 3004 856 3022 κατ-

1575 167 1601 207 3

922 270 1039 306 ε’στησε,
1054 270 1113 301 fuit
1128 272 1160 301 iu
1177 281 1280 307 causa,
1302 277 1336 303 ut
1355 277 1480 303 senatus
1502 282 1595 303 accu-

921 319 1038 344 saretur
1067 319 1119 344 aut
1140 315 1418 354 reprehenderetur
1437 315 1496 357 (ab
1518 315 1593 346 Ale-

922 356 1054 397 xandro)
1069 358 1108 388 de
1124 358 1280 388 celebrato
1296 369 1364 389 cuin
1377 359 1469 389 sacris
1480 359 1531 390 die
1546 359 1593 389 fe-

923 405 981 436 sto,
990 401 1029 431 ob
1041 400 1166 430 allatum
1179 400 1280 431 laetum
1295 401 1439 432 nuncium
1452 402 1491 432 de
1504 403 1593 432 caede

922 443 1075 484 Philippi.
1091 446 1144 479 ¹76,
1159 446 1209 474 23.
1226 442 1388 483 ἀμφίβολος
1401 446 1415 475 ἦ
1429 444 1520 475 αἰτία.
1535 447 1590 481 76,

921 489 973 517 39.
997 486 1138 528 ἀναφέρειν
1160 485 1219 516 ἐπί
1241 498 1304 516 τινα
1329 486 1434 521 αἰτίας.
1461 490 1514 523 84,
1536 489 1589 518 36.

922 528 994 560 οὕτω
1006 531 1072 564 ταῖς
1082 528 1188 564 αἰτίαις
1199 531 1254 564 τὰς
1265 532 1344 560 κατά
1359 531 1467 560 σαυτοῦ
1478 530 1592 571 ἐνέφρα-

921 571 973 610 ξας
983 572 1161 615 κατηγορίας,
1177 573 1355 604 obstruxisti
1369 573 1448 603 viam
1465 584 1592 604 accusa-

921 616 1048 653 toribus,
1057 627 1120 657 quo
1132 615 1308 657 minusjure
1319 621 1348 646 te
1361 617 1506 657 persequi
1519 628 1590 657 pos-

922 659 994 695 sint,
1014 660 1262 690 criminationum
1285 659 1491 695 multitudine,
1514 670 1591 699 quas

922 706 955 731 tu
972 702 1016 733 eis
1030 703 1177 733 intentas.
1193 705 1247 739 85,
1261 705 1314 734 32.
1338 701 1474 735 Εασίινους
1486 701 1533 732 ἐπ’
1546 703 1592 732 αἰ-

922 743 996 779 τίαις
1016 746 1166 784 ἀγενήτοις.
1193 748 1246 781 86,
1271 750 1299 776 1.
1322 744 1440 786 αἰσχρόν
1460 743 1526 775 ἐστι
1544 744 1592 775 τὸν

922 788 1086 828 αἰτιώμενον
1111 790 1159 820 οὐκ
1179 788 1254 831 ἔχειν
1269 788 1409 828 ἐπιδεῖξαι
1426 790 1477 822 τῆς
1494 786 1591 822 αἰτίας

922 829 955 861 v&
974 831 1057 871 ἔργον.
1081 836 1134 869 86,
1150 836 1202 864 22.
1226 831 1383 863 ἀνατιθέναι
1399 831 1452 861 τινὶ
1467 833 1523 867 τὰς
1544 831 1592 861 αἰ-

921 873 998 910 Τῖας,
1011 875 1173 917 imputare,
1186 876 1368 907 adscribere.
1383 877 1436 912 87,
1448 875 1503 906 38.
1518 875 1592 906 ἀπο-

921 918 994 948 λύειν
1008 921 1063 949 τῶν
1078 919 1184 950 αἰτιῶν.
1201 922 1254 956 90,
1272 923 1302 949 1.

878 959 1045 1002 αἰτιᾶσθαι]
1069 962 1188 1004 αἰσχρόν
1209 963 1274 993 ἐστι
1296 962 1342 992 τδν
1365 961 1530 1001 αἰτιώμενον
1544 961 1593 991 οὐκ

921 1003 996 1046 ἔχειν
1011 1003 1149 1045 ἐπιδεῖξαι
1161 1008 1211 1041 τῆς
1224 1005 1318 1040 αἰτίας
1329 1004 1362 1035 τὸ
1375 1005 1458 1046 ἔργον.
1472 1007 1524 1041 86,
1539 1006 1594 1036 22.

879 1047 1085 1090 αἰχμάλωτος]
1102 1050 1226 1080 λύεσθαι
1238 1050 1462 1090 αἰχμαλώτους.
1473 1051 1527 1083 41,
1542 1050 1592 1078 16.

922 1090 1100 1130 ἐξαιτεῖσθαι
1117 1095 1195 1134 παρὰ
1211 1092 1256 1123 τὸν
1272 1092 1357 1123 πάτον
1369 1091 1593 1132 αἰχμαλώτους.

922 1137 975 1170 49,
995 1138 1044 1168 14.

878 1177 1005 1220 ἀκαιρία]
1029 1179 1155 1220 ἀκαιρίας
1175 1179 1231 1210 ἐπὶ
1247 1180 1390 1215 τοιαύτης,
1407 1184 1546 1220 tempore
1560 1181 1594 1208 et

920 1221 989 1252 loco
1006 1227 1066 1252 tam
1085 1234 1193 1263 parum
1209 1229 1373 1262 oportuno.
1391 1225 1443 1258 84,
1460 1225 1512 1251 11.

878 1262 1002 1306 ἄκαιρος]
1023 1265 1144 1306 ἄκαιρον,
1159 1266 1376 1306 importunitas
1396 1266 1429 1296 in
1445 1263 1594 1299 moribus,

920 1313 955 1338 ut
970 1309 997 1338 si
1012 1309 1144 1346 nescias,
1160 1310 1238 1351 quid
1258 1309 1327 1340 loco
1350 1309 1464 1349 cuique
1487 1316 1594 1348 perso-

921 1361 1034 1393 naeque
1054 1353 1227 1383 conveniat.
1243 1351 1357 1393 ἀμαθὲς
1370 1350 1426 1393 μὲν
1441 1351 1489 1381 καὶ
1510 1349 1595 1380 ἄκαι-

922 1405 972 1436 ρον.
990 1398 1043 1431 24,
1059 1398 1090 1426 3.

877 1437 1096 1479 ἀκαλλιέρητος]
1120 1437 1230 1468 ἀθύτων
1245 1438 1293 1467 καὶ
1316 1437 1525 1478 ἀκαλλιερήτων
1540 1438 1596 1467 τῶν

921 1477 993 1517 ἱερῶν
1008 1477 1158 1518 ἐξέπεμψε
1174 1483 1239 1514 τοὺς
1255 1481 1455 1522 στρατιώτας.
1472 1482 1527 1516 72,
1543 1482 1595 1510 16.

921 1519 1030 1551 ἀθύτων
1050 1522 1098 1551 καί
1114 1522 1324 1563 ἀκαλλιερήτων
1339 1521 1420 1553 ὅντων
1440 1525 1494 1553 τῶν
1512 1524 1594 1564 ἱερῶν.

921 1564 975 1600 75,
989 1568 1041 1596 12.

879 1606 1046 1650 ἀκήρυκτος]
1070 1609 1223 1650 ἀκήρυκτος
1244 1609 1379 1649 πόλεμος.
1405 1611 1458 1645 33,
1484 1611 1535 1639 12.
1559 1608 1594 1638 ἀ-

921 1651 1041 1682 σωονδοι
1067 1652 1115 1681 καί
1139 1653 1286 1694 ἀκήρυκτοι
1307 1653 1439 1693 πόλεμοι.
1461 1655 1514 1689 38,
1542 1653 1595 1683 38.

921 1694 1084 1734 ἀκήρυκτος,
1101 1695 1190 1736 cujus
1203 1697 1312 1727 laudes
1325 1702 1357 1726 et
1370 1697 1503 1726 honores
1516 1705 1594 1736 prae-

920 1746 958 1767 co
974 1738 1074 1769 nullus
1088 1739 1249 1780 praedicat.
1268 1742 1321 1775 86,
1339 1742 1393 1771 37.

878 1780 1028 1823 ἀκίνδυνος]
1051 1782 1177 1813 ἀκίνδυνα
1192 1783 1237 1821 τῷ
1251 1784 1452 1825 μαρτυροῦντι.
1470 1784 1504 1818 7,
1521 1785 1573 1813 15.

878 1822 1085 1866 ἀκλεέστατα]
1109 1824 1269 1856 καλλίστην
1291 1826 1358 1867 ἕύραν
1381 1824 1471 1864 ὅψεως
1495 1823 1596 1855 ἀκλεέ-

921 1879 1025 1897 στατα
1041 1867 1211 1909 διαφθείρας.
1227 1871 1280 1904 22,
1293 1871 1347 1900 38.

879 1911 1020 1952 ἀκμάζειν
1035 1912 1077 1951 τῷ
1099 1909 1129 1941 εὖ
1148 1913 1260 1952 φρονεῖν.
1277 1914 1309 1949 4,
1325 1914 1378 1943 16.
1401 1910 1543 1952 ἀκμάζειν
1570 1910 1596 1941 ἐν

922 1954 960 1996 τῇ
971 1953 1070 1995 μανίᾳ.
1085 1957 1140 1992 46,
1156 1958 1208 1986 22.
1229 1954 1372 1995 ἀκμάζειν
1388 1955 1435 1984 καὶ
1449 1954 1529 1985 ναυσὶ
1546 1953 1597 1985 καί

922 1998 1060 2038 χρήμασι
1075 1998 1123 2028 καὶ
1141 1998 1216 2039 πεζῇ
1230 1998 1369 2039 στρατιᾷ.
1385 2001 1440 2033 77,
1458 2000 1489 2028 3.

880 2041 962 2081 ἀκοὴ]
989 2040 1081 2075 ὄνειδος
1110 2040 1144 2071 τό
1171 2041 1272 2080 ψευδὲς
1301 2041 1330 2071 οὗ
1358 2039 1513 2082 περαιτέρω
1546 2041 1598 2072 τῆς

923 2084 1007 2118 ἀκοῆς
1020 2085 1194 2124 ἀφικνεῖται.
1212 2086 1266 2120 48,
1286 2087 1337 2115 12.

880 2126 1038 2157 ἀκολουθεῖν
1051 2127 1090 2162 εἰς
1103 2126 1136 2157 τδ
1152 2127 1351 2169 δεσμωτήριον.
1366 2130 1398 2164 7,
1411 2128 1440 2156 2.

880 2168 997 2200 ἀκονιτί.
1017 2173 1048 2206 9,
1062 2173 1116 2202 40.

880 2212 1022 2254 ἀκοσμία,
1046 2214 1197 2250 scaevitas,
1221 2214 1449 2255 importunitas,
1463 2212 1597 2244 illibera-

925 2256 1005 2288 litas.
1022 2259 1076 2294 24,
1090 2260 1142 2288 17.
1165 2256 1297 2299 ἀκοσμία
1310 2259 1360 2288 τοῦ
1373 2257 1487 2298 τρόπου.
1499 2259 1553 2292 27,
1566 2258 1598 2287 3.

880 2300 1000 2342 ἀκούειν]
1019 2301 1115 2343 ἰσχύει
1130 2301 1286 2342 κατηγορία
1297 2303 1376 2342 παρὰ
1384 2301 1444 2334 τοῖς
1457 2299 1598 2330 ἀκούουσι.

924 2347 978 2379 28,
995 2346 1024 2375 9.
1042 2345 1087 2386 ἴσῃ
1101 2342 1186 2385 εὐνοία
1197 2345 1310 2375 ἀκούειν.
1327 2347 1381 2380 29,
1395 2346 1444 2374 10.
1461 2353 1599 2384 προσεπι-

925 2387 1011 2418 πονεῖν
1031 2387 1182 2422 ἀκούοντας
1198 2388 1246 2417 καὶ
1272 2389 1320 2419 τῆν
1342 2388 1447 2418 λοιτπῆν
1464 2386 1600 2424 διήγησιν,

924 2441 1119 2471 perseverare
1135 2431 1167 2460 in
1180 2431 1332 2471 patientia
1341 2429 1492 2461 audiendi
1505 2428 1600 2459 etiam

923 2474 1071 2515 reliquam
1099 2474 1337 2515 expositionem.
1366 2476 1420 2508 34,
1448 2477 1477 2503 1.
1515 2471 1601 2501 εὐτά-

924 2529 1001 2552 κτως
1014 2517 1129 2548 ἀκούειν.
1143 2521 1198 2553 41,
1215 2520 1267 2548 26.
1290 2517 1350 2552 τοῖς
1366 2516 1417 2546 ‹im-2
1435 2518 1488 2545 τῶν
1500 2513 1602 2545 ὀνειδῶν

928 2561 1060 2597 ἀκοῦσαι,
1070 2561 1131 2592 suis
1144 2561 1281 2596 auribus,
1294 2561 1326 2590 id
1339 2565 1386 2590 est
1398 2568 1513 2594 coram,
1523 2567 1604 2599 prae·

930 2608 1060 2641 sentem,
1077 2615 1114 2635 ex
1138 2604 1206 2645 ipso
1230 2602 1441 2634 obtrectatoris
1462 2611 1525 2632 ore.
1548 2603 1602 2637 52,

930 2649 982 2678 29.
1005 2647 1038 2677 ἀν
1055 2648 1076 2677 οἰ
1093 2646 1230 2676 δικασταί
1245 2648 1323 2686 ἡμῶν
1337 2644 1368 2684 ἐξ
1383 2645 1443 2674 ἴσου
1455 2643 1602 2674 ἀκούωσιν.

930 2693 982 2726 61,
998 2692 1052 2722 35.
1077 2691 1098 2719 εἰ
1115 2690 1143 2720 δὲ
1158 2701 1234 2719 τισιν
1249 2690 1326 2730 ὑμῶν
1339 2686 1466 2728 ἐξαίφνης
1478 2686 1603 2717 ἀκούσα-

930 2745 984 2769 σιν,
1012 2732 1199 2773 ἀπιστότερος
1222 2730 1450 2773 προσπέπτωκεν
1472 2730 1485 2759 ὅ
1511 2729 1603 2768 λόγος.

931 2779 983 2811 62,
996 2779 1026 2807 6.
1045 2775 1223 2817 παρωξύνθην
1234 2775 1358 2809 ἀκούσας
1374 2773 1471 2806 οὕτως.
1482 2775 1537 2808 70,
1551 2775 1602 2803 17.

930 2817 974 2853 τίς
986 2820 1018 2850 ἂν
1027 2821 1150 2849 τοιαῦτα
1159 2819 1350 2859 καρτερήσειεν
1362 2817 1475 2847 ἀκούων.
1485 2819 1539 2853 88,
1553 2820 1605 2849 19.

888 2863 971 2903 ἄκρα,
988 2873 1050 2892 arx.
1072 2865 1125 2898 88,
1143 2865 1172 2893 9.

889 2907 1025 2946 ἀκρατής,
1042 2903 1077 2935 ὦν
1093 2905 1121 2935 οὐ
1137 2907 1191 2946 χρὴ
1207 2904 1292 2946 (scil.
1312 2903 1372 2945 ἓρξὶν
1387 2904 1436 2934 vel
1453 2902 1608 2944 πράττειν)

935 2952 988 2983 20,
1005 2951 1035 2980 3.

892 2991 1020 3033 ἀκριΒῆς]
1046 2991 1254 3032 ἀκριβέστατον
1283 2989 1414 3031 συνέδριον
1439 2992 1494 3020 τῶν
1519 2988 1545 3018 ἓν
1571 3001 1607 3029 τῃ
