1982 3340
285 207 345 247 xii
684 206 718 247 Ι.
753 206 785 246 Ι.
819 205 874 247 R.
909 205 994 247 AD
1029 203 1368 246 AESCHINEM

287 325 366 363 quo
386 311 575 362 quicquid
597 318 747 350 veteres
769 311 923 358 critici,
946 311 1160 363 Dionysius
1182 309 1539 349 Halicarnassensis
1560 311 1762 364 imprimis,

285 388 402 425 super
421 374 584 413 vetustis
609 374 668 412 his
685 374 909 412 oratoribus
926 373 1181 411 commentati
1203 380 1306 420 sunt,
1327 373 1584 424 complectar.

343 438 534 475 Emensus
554 438 630 475 hoc
653 437 907 486 curriculum,
926 435 1034 486 quod
1052 435 1308 487 videorquam
1325 436 1497 487 longum,
1515 448 1632 486 quam
1646 436 1765 475 sudo-

287 498 338 537 ris
359 499 515 550 plenum
537 500 600 544 sit,
626 505 705 537 tum
726 499 883 536 demum
905 497 1100 549 proferam
1123 504 1368 549 apparatum,
1391 498 1458 549 qui
1479 511 1597 549 penes
1617 512 1677 537 me
1694 505 1766 544 est,

286 560 465 599 criticum
489 561 527 598 in
549 561 868 598 Demosthenem.
927 561 1104 597 Primum
1136 560 1224 609 ejus
1243 561 1425 599 volumen
1446 560 1557 599 dabit
1574 560 1765 599 ineditum

288 623 565 661 Demosthenis
598 623 826 673 Exegetam‚
861 623 1059 660 Zosimum
1088 622 1356 660 Ascalonitam
1383 622 1464 671 (alii
1491 623 1681 661 Gazaeum
1708 622 1768 660 di.

287 687 399 734 cunt)
418 685 449 722 si
471 685 569 723 tanti
590 685 677 734 erit,
701 691 740 722 et
760 684 932 723 nancisci
953 685 983 722 si
1004 690 1155 735 potero,
1211 684 1328 723 Nunc
1350 685 1451 723 enim
1473 685 1700 724 adhucdum
1720 698 1769 723 eo

288 759 417 792 careo,
440 753 479 784 et
500 760 579 797 quo
593 747 682 784 loco
699 747 748 784 sit
765 746 983 793 habendus,
1001 746 1130 797 magni
1147 745 1365 793 faciendus,
1382 760 1430 785 an
1446 747 1769 793 contemnendus,

289 809 443 859 ignoro.
501 808 579 846 Sed
613 822 704 858 spes
736 808 840 846 facta
874 814 934 846 est
961 822 981 846 e
1008 808 1202 847 Vaticana
1236 808 1483 859 impetrandi.
1541 809 1769 847 Secundum

290 871 470 908 volumen
489 870 693 909 exhibebit
714 870 846 908 silvam
875 871 1081 908 immanem
1109 871 1340 908 variantium
1363 870 1771 909 Demosthenicarum.

289 933 462 970 Tertium
481 933 776 971 annotationum
799 932 989 983 quicquid
1012 940 1085 978 est,
1107 933 1254 979 Wolfii,
1277 933 1450 984 Taylori,
1473 947 1659 980 mearum,
1679 934 1774 972 alio-

290 1008 388 1033 rum.
422 995 614 1038 Quartum
632 994 806 1045 denique
823 994 988 1032 indicem
1008 995 1233 1033 Graecitatis
1248 995 1580 1041 Demosthenicae,
1594 995 1772 1045 aliosque

291 1057 441 1094 indices
472 1057 528 1094 his
562 1057 612 1094 ad
650 1057 875 1096 AEschinem
904 1058 1191 1107 pertinentibus
1222 1056 1383 1095 similes.
1440 1056 1559 1094 Haud
1591 1070 1651 1094 me
1674 1056 1775 1107 fugit

291 1119 434 1156 multos
461 1133 558 1165 esse,
591 1120 658 1170 qui
689 1133 761 1170 pro
793 1119 978 1158 AEschiue
1000 1119 1240 1170 reliquisque
1262 1121 1414 1157 Graecis
1446 1119 1664 1158 oratoribus
1687 1119 1773 1168 jam

293 1194 396 1218 nunc
422 1182 557 1219 malint
586 1195 607 1218 a
635 1195 694 1219 me
725 1182 829 1220 hunc
861 1189 1095 1232 apparatum
1127 1181 1306 1233 proferri.
1366 1182 1515 1219 Contra
1546 1194 1625 1219 non
1656 1182 1774 1232 pauci

293 1248 396 1289 sunt,
427 1244 495 1293 qui
523 1244 645 1282 nolint
671 1244 721 1282 ab
750 1245 816 1282 illa
842 1244 1107 1295 descriptione
1129 1243 1297 1282 universi
1317 1243 1446 1293 operis
1467 1243 1633 1289 discedi,
1655 1256 1773 1294 quam

292 1317 381 1342 cum
421 1306 537 1343 Anno
575 1310 692 1347 1768.
726 1305 999 1356 publicassem,
1037 1307 1140 1344 Acta
1171 1305 1428 1343 Eruditorum
1462 1305 1698 1356 Lipsiensia,
1734 1312 1775 1343 et

294 1367 499 1406 Harlesius
521 1369 568 1405 V.
589 1369 636 1406 C.
666 1368 704 1406 in
726 1369 843 1406 editae
863 1382 887 1406 a
907 1382 945 1406 se
968 1368 1288 1407 Demostlienicae
1310 1381 1381 1419 pro
1403 1380 1552 1406 corona
1581 1368 1691 1405 calce
1713 1380 1775 1405 re-

294 1429 505 1479 petierunt.
540 1430 671 1468 Facile
688 1430 797 1468 dictu
816 1444 893 1468 non
917 1437 989 1475 est,
1013 1444 1129 1481 quam
1148 1430 1313 1468 diversae
1330 1443 1445 1468 voces
1461 1429 1510 1467 de
1532 1429 1776 1467 institutione

294 1490 413 1541 hujus
445 1491 575 1542 operis
611 1491 877 1530 diversissima
902 1492 1151 1530 sciscentium
1185 1492 1235 1530 ad
1261 1505 1374 1530 aures
1407 1504 1510 1529 meas
1541 1491 1772 1529 allabantur.

295 1553 451 1597 Quibus
481 1554 662 1592 omuibus
690 1553 929 1601 satisfacere,
960 1554 1155 1592 contraria
1184 1554 1286 1592 inter
1312 1567 1352 1591 se
1383 1552 1666 1604 flagitantibus,
1686 1565 1776 1590 cum

295 1623 478 1668 negatum
502 1623 618 1662 esset,
642 1616 764 1653 visum
787 1623 846 1654 est
867 1617 905 1653 in
928 1629 1043 1653 sensu
1066 1628 1152 1653 meo
1173 1615 1444 1665 acquiescere,
1466 1614 1603 1652 cuisic
1618 1613 1775 1664 agendi,

296 1684 340 1716 ut
360 1679 420 1729 egi
441 1686 479 1716 et
499 1692 609 1728 agam
632 1691 766 1728 porro,
786 1678 952 1715 rationes
974 1685 1065 1715 sunt
1083 1677 1331 1727 gravissimae.
1380 1676 1482 1715 Cum
1503 1682 1679 1726 tempore
1694 1689 1778 1713 om-

297 1741 424 1787 nibus,
447 1741 477 1778 si
497 1747 724 1790 exspectare
746 1739 969 1785 didicerint,
992 1738 1169 1777 satisfiet.
1228 1741 1476 1789 Apparatum
1498 1737 1777 1776 Demostheni-

297 1815 385 1840 cum
407 1804 474 1853 qui
492 1802 575 1851 jam
597 1815 701 1840 nunc
722 1809 904 1853 poscunt,
926 1815 986 1839 nae
1008 1807 1076 1839 aut
1102 1801 1283 1839 nesciunt
1302 1801 1356 1846 hi,
1383 1806 1452 1838 aut
1482 1813 1560 1838 non
1588 1800 1778 1851 cogitant,

298 1872 446 1916 quanto
476 1871 631 1902 constet
661 1863 758 1909 otio,
790 1870 937 1914 quanta
968 1876 1102 1913 opera,
1135 1862 1306 1913 digestio
1336 1862 1443 1916 silvae
1465 1862 1713 1911 variantium,
1735 1869 1777 1900 et

298 1927 611 1972 annotationum,
633 1939 749 1976 quam
771 1939 858 1964 cum
890 1926 979 1963 olim
1008 1925 1057 1963 ad
1079 1926 1239 1976 paginas
1260 1931 1300 1963 et
1317 1937 1448 1962 versus
1469 1924 1653 1963 editionis
1675 1923 1780 1962 Pari-

299 1990 394 2028 sinae
415 1989 648 2040 alligassem,
670 2002 774 2026 nunc
794 1989 843 2026 ad
865 1988 1026 2039 paginas
1044 1994 1083 2025 et
1105 2001 1236 2025 versus
1256 1986 1439 2025 editionis
1460 1999 1557 2024 meae
1578 1999 1623 2024 ea
1644 1992 1702 2024 est
1719 1998 1778 2023 re-

302 2051 521 2090 formanda.
565 2052 611 2088 In
632 2058 714 2089 tota
735 2051 797 2089 illa
817 2058 943 2102 parte,
967 2064 1084 2101 quam
1104 2050 1253 2101 Taylor
1268 2062 1348 2087 non
1368 2048 1505 2095 edidit,
1526 2054 1567 2086 et
1585 2048 1636 2086 acl
1657 2060 1775 2098 quam

299 2129 451 2168 parum,
468 2122 535 2153 aut
556 2115 664 2160 nihil,
686 2115 736 2153 ab
758 2128 804 2153 eo
825 2115 864 2152 in
886 2114 1042 2153 schedis
1062 2113 1112 2151 ad
1134 2127 1196 2151 me
1215 2113 1342 2151 missis
1363 2112 1576 2151 collectum
1604 2109 1776 2161 reperi0,

302 2176 506 2216 Wolfianae
538 2177 812 2215 annotationes
844 2190 979 2214 omnes
1011 2175 1107 2213 meis
1142 2175 1320 2214 manibus
1350 2172 1626 2213 exscribendae
1658 2178 1697 2211 et
1728 2172 1778 2210 ad

301 2241 411 2278 locos
441 2253 610 2291 quaeque
641 2252 730 2277 suos
760 2238 988 2285 referendae,
1010 2239 1186 2289 meisque
1215 2237 1438 2276 intexendae
1460 2242 1564 2275 sunt.
1622 2234 1779 2272 Indices

302 2302 394 2340 olim
423 2301 561 2347 factos,
590 2306 627 2338 et
648 2301 698 2338 ad
722 2300 934 2338 Parisinam
955 2300 1211 2349 compositOS,
1230 2299 1345 2337 video
1375 2311 1480 2336 nunc
1497 2296 1659 2346 jejunos
1679 2309 1778 2335 esse.

302 2370 548 2415 quapropter
568 2363 657 2400 novi
678 2363 728 2400 de
757 2363 909 2412 integro
936 2361 1133 2400 condendi
1161 2367 1264 2407 sunt,
1291 2361 1341 2399 ad
1373 2373 1487 2398 novae
1507 2358 1689 2397 editionis
1710 2371 1781 2409 pa-

303 2426 412 2476 ginas
445 2431 485 2462 et
513 2437 647 2462 versus
676 2424 924 2462 conformati.
984 2423 1167 2461 Accessit
1186 2436 1308 2461 novus
1328 2422 1439 2460 labor
1458 2434 1480 2459 a
1501 2420 1657 2459 schedis
1677 2420 1780 2471 Tay-

303 2488 374 2525 lori
395 2499 520 2538 nuper
539 2487 589 2524 ad
610 2499 670 2523 me
692 2485 817 2524 missis
835 2501 844 2531 ;
876 2485 913 2523 in
937 2485 1080 2536 quibus
1100 2485 1252 2523 etiamsi
1271 2484 1362 2522 novi
1382 2484 1478 2522 nihil
1499 2482 1705 2534 reperiam,
1727 2481 1778 2520 de

304 2563 384 2601 quo
403 2562 507 2587 nunc
524 2547 749 2586 adhucdum
763 2548 802 2585 in
822 2554 995 2586 neutram
1014 2553 1168 2598 partem
1184 2545 1443 2598 pronunciare
1458 2557 1633 2596 possum,
1651 2557 1782 2594 neque

304 2611 407 2650 enim
429 2610 553 2649 otium
574 2609 762 2660 suppetiit
789 2610 1046 2656 examinandi,
1067 2609 1308 2657 thesaurum,
1331 2621 1381 2646 an
1403 2607 1594 2646 carbones
1623 2618 1781 2656 repere-

305 2673 392 2720 rim,
415 2672 579 2723 singulae
600 2679 732 2710 tamen
761 2684 930 2722 quaeque
960 2671 1232 2709 annotationes
1258 2669 1331 2707 illis
1363 2668 1402 2706 in
1433 2668 1591 2706 schedis
1622 2667 1781 2717 scriptae

306 2734 553 2786 pensitandae
582 2742 687 2782 sunt,
721 2734 831 2772 sedes
863 2747 992 2772 earum
1021 2731 1318 2783 investigandae,
1351 2730 1623 2782 quaerendum,
1654 2728 1782 2766 sintne

300 2798 386 2846 jam
414 2797 464 2834 ab
486 2796 571 2846 ipso
589 2797 764 2847 Tayloro
795 2796 978 2847 proditae}
1000 2809 1073 2835 nec
1093 2808 1156 2833 ne.
1186 2794 1353 2846 Spissius
1372 2799 1431 2832 est
1450 2806 1549 2844 opus
1569 2792 1781 2843 agendum,

308 2873 425 2910 quam
448 2859 556 2909 quod
588 2865 664 2897 tam
696 2859 776 2898 cito
807 2859 1052 2910 expediatur,
1081 2865 1201 2909 atque
1228 2857 1423 2896 somniant
1449 2856 1617 2907 imperiti
1638 2868 1780 2900 rerum,

309 2923 378 2973 qui
398 2922 518 2959 simile
538 2922 646 2971 quod
667 2924 866 2972 negotium
888 2935 1088 2972 nunquam
1110 2927 1341 2960 tractarunt.
1398 2921 1486 2958 Deo
1507 2919 1625 2957 vitam
1645 2930 1784 2969 proro-

309 2990 437 3035 gante,
466 2989 674 3033 coeptaque
706 2992 839 3023 nostra
869 2984 1108 3031 fortunaute,
1135 2983 1382 3034 pervenietur
1407 2981 1456 3020 ad
1489 2981 1589 3020 hanc
1621 2991 1781 3031 quoque
