1932 3322
488 175 574 218 AD
606 173 909 218 AESCHINIS
941 172 1288 219 EPISTOLAS.
1499 164 1610 221 295

141 285 209 338 qui
224 283 342 323 sciret
360 284 457 336 quid
478 284 526 324 sit
546 284 640 323 illud
662 283 769 335 quod
787 283 931 323 dicitur
945 282 1111 322 feliciter
1131 289 1170 322 et
1191 285 1354 324 solerter
1373 286 1610 336 excogitare.

142 348 355 387 Simulatus
385 348 502 399 igitur
533 347 750 393 AEschines,
782 347 873 385 licet
905 346 1075 397 ingenio,
1110 348 1296 385 sermonis
1329 349 1534 399 elegantia,
1570 357 1611 388 et

140 411 268 448 nitore
295 411 482 449 orationis
505 410 619 460 longe
640 415 796 460 superet
822 408 1017 447 infelicem
1044 409 1153 447 illum
1182 409 1359 457 Simium,
1378 412 1445 460 qui
1467 413 1610 450 Demo-

141 472 318 511 sthenem
347 472 488 511 imitari
508 472 645 518 voluit,
666 475 726 521 (et
745 470 983 510 mediocrem
1003 485 1094 510 sane
1111 472 1350 523 Scriptorem
1373 485 1531 511 necesse
1552 481 1612 513 est

140 546 228 572 eum
249 534 382 580 fuisse,
403 534 471 585 qui
489 534 596 571 illum
617 546 695 571 non
715 533 941 584 exsuperet)
964 547 1012 572 eo
1037 540 1178 579 tamen,
1201 540 1318 572 aetate
1347 534 1395 571 sit
1416 536 1612 585 posterior

139 607 300 634 necesse
320 602 393 643 est,
413 609 529 647 quem
550 608 820 645 saepenumero
839 595 1041 641 exscribit,
1055 602 1094 634 et
1112 596 1161 633 ad
1183 608 1301 646 quem
1322 595 1475 642 alludit,
1495 598 1612 648 cujus

139 656 310 709 denique
329 658 550 697 testimonio
571 664 688 708 atque
707 664 790 695 arte
809 657 932 695 utitur
951 657 1176 709 saepissime.

190 720 238 758 In
262 720 442 772 Epistola
462 720 610 767 ultima,
631 733 721 771 pag.
737 723 829 760 747.
852 719 912 757 ed.
931 719 978 757 T.
995 719 1139 758 dicitur
1155 721 1359 759 AEschines
1378 734 1509 760 secum
1530 734 1612 760 ma-

141 787 242 820 trem
262 782 511 834 grandaevam
542 783 580 821 in
609 782 786 821 exsilium
806 781 978 829 duxisse,
999 794 1055 820 sc.
1077 795 1167 833 quae
1195 796 1338 822 annum
1363 783 1448 833 jam
1468 784 1613 835 agebat

137 842 261 884 73⁶⁰m.
279 845 386 883 Bene
398 850 472 884 est.
488 844 690 884 AEschines
706 844 790 896 ipse
805 857 850 883 ea
865 849 950 883 erat
969 849 1097 892 aetate,
1110 858 1198 883 cum
1216 846 1276 883 hae
1295 859 1354 884 res
1371 847 1466 898 geri,
1490 852 1611 898 atque

139 905 201 943 hae
224 906 411 957 Epistolae
433 906 598 953 exarari,
616 913 819 958 putantur.
891 906 952 945 De
972 913 1088 946 aetate
1109 908 1310 947 AEschinis
1329 909 1444 960 plura
1463 911 1501 948 in
1525 909 1614 960 ejus

140 968 234 1006 vita.
292 968 436 1008 Adhuc
456 975 586 1008 tamen
606 969 656 1008 de
677 970 821 1008 Matre.
878 969 1008 1020 Siquis
1028 970 1130 1008 enim
1155 970 1350 1009 calculum
1381 985 1508 1010 meum
1540 972 1613 1011 ali-

137 1043 328 1081 orumque
357 1031 407 1070 de
442 1031 637 1070 AEschinis
671 1031 866 1070 natalibus
897 1044 974 1069 non
1009 1031 1215 1071 admittere
1252 1034 1355 1079 velit,
1389 1034 1525 1073 audiat
1554 1041 1614 1073 ta-

141 1106 229 1132 men
251 1094 478 1134 AEschinem
505 1094 545 1133 in
574 1095 774 1145 Epistolis‚
793 1095 920 1133 eidem
938 1095 1118 1134 AEschiui
1137 1096 1175 1133 in
1196 1096 1454 1135 Orationibus
1475 1098 1615 1137 adver-

142 1162 307 1195 santem.
338 1157 471 1196 Mater
508 1158 703 1196 AEschinis
739 1157 901 1208 Olymp.
940 1158 1088 1195 CXIV.
1126 1171 1270 1196 annum
1309 1158 1451 1210 agebat
1484 1160 1613 1201 731¹¹¹¹¹².

139 1218 283 1269 (Epist.
301 1219 413 1268 XII.)
457 1219 558 1257 Nam
576 1230 622 1258 ea
641 1225 876 1270 tempestate
891 1219 951 1257 hae
972 1219 1097 1257 literae
1113 1227 1223 1258 erant
1235 1221 1491 1271 consignatae,
1509 1236 1615 1260 mor-

141 1287 211 1319 tuo
239 1295 380 1333 nempe
404 1282 645 1321 Alexandro.
704 1283 890 1320 Attamen
911 1283 1044 1321 Mater
1061 1283 1258 1322 AEschinis
1281 1284 1441 1335 Olymp.
1462 1285 1616 1332 XCIII,

138 1356 327 1395 oppressa
358 1357 381 1383 a
413 1344 544 1384 XXX.
572 1344 679 1384 Viris
709 1345 819 1391 urbe,
849 1357 925 1383 una
943 1358 1031 1383 cum
1054 1345 1192 1384 marito
1212 1346 1443 1385 Corinthum
1461 1347 1615 1398 aufugit

141 1407 273 1458 (Orat.
307 1422 348 1447 π.
382 1406 562 1459 Παραπρ.
593 1411 624 1454 ξ.
644 1407 745 1459 pest).
800 1407 865 1445 Ab
896 1414 1061 1445 exeunte
1093 1408 1335 1459 Olympiade
1373 1409 1525 1448 XCIII.
1561 1410 1612 1448 ad

137 1470 335 1507 ineuntem
369 1470 518 1509 CXIV.
556 1470 661 1508 Anni
686 1476 777 1508 sunt
803 1469 973 1508 LXXX.
1032 1469 1188 1513 Quibus
1223 1471 1255 1508 si
1288 1471 1482 1521 adjeceris
1517 1472 1612 1511 XX.

138 1530 314 1570 nubilem
340 1544 479 1582 nempe
507 1538 676 1579 aetatem,
697 1545 777 1569 non
807 1531 880 1569 nisi
905 1532 1157 1570 centesimum
1185 1544 1328 1571 annum
1357 1547 1472 1584 agere
1499 1542 1614 1585 pote-

138 1600 201 1633 rat
238 1606 285 1632 ea
314 1594 474 1643 Mulier,
508 1594 631 1646 ipsius
673 1592 877 1633 AEsehinis
915 1594 1084 1642 calculo,
1124 1609 1213 1646 quae
1256 1596 1307 1634 ab
1348 1595 1614 1646 Epistolarum

141 1656 332 1708 scriptore
351 1669 474 1696 annos
499 1663 591 1697 nata
620 1670 705 1696 esse
726 1656 873 1696 dicitur
891 1656 1137 1697 solummodo
1156 1659 1426 1710 septuaginta,
1447 1666 1488 1698 et
1507 1660 1617 1710 quod

142 1719 327 1758 excurrit.

196 1782 293 1820 Post
311 1781 484 1822 Matrem
503 1782 683 1834 sequitur
702 1782 930 1834 Disputatio
951 1782 1001 1821 de
1026 1782 1191 1821 Liberis.
1249 1783 1351 1821 Nam
1374 1789 1413 1821 et
1432 1783 1496 1824 hic
1523 1799 1620 1836 quo-

144 1857 221 1895 que
241 1844 376 1883 infelix
395 1845 461 1884 ille
482 1846 604 1884 Sorex
622 1859 693 1884 suo
709 1859 749 1883 se
772 1845 919 1884 indicio
939 1844 1127 1896 prodidit.
1176 1845 1246 1883 Ait
1266 1846 1460 1897 Scriptor‚
1482 1861 1522 1886 se
1539 1855 1619 1886 tres

142 1909 327 1960 parvulos
348 1908 493 1948 liberos
513 1922 646 1947 secum
674 1921 834 1960 quoque
858 1907 1085 1956 abduxisse,
1106 1907 1175 1958 qui
1196 1922 1269 1960 per
1287 1916 1445 1947 aetatem
1469 1913 1618 1962 grande

143 1970 249 2009 istud
269 1970 526 2009 infortunium
549 1971 674 2009 exsilii
697 1971 838 2010 sentire
859 1983 937 2008 non
958 1977 1156 2021 poterant.
1212 1972 1500 2022 Argumentum
1528 1988 1620 2012 sane

143 2039 278 2084 aptum
305 2033 356 2071 ad
384 2033 534 2071 animos
563 2046 698 2071 eorum
726 2033 1045 2080 commovendos,
1065 2033 1115 2072 ad
1148 2047 1248 2084 quos
1276 2035 1425 2082 scribit,
1447 2036 1515 2074 sed
1538 2051 1620 2087 quo

143 2096 228 2147 ipse
258 2096 464 2135 AEschines
494 2096 550 2135 uti
577 2110 654 2134 non
675 2096 818 2147 potuit.
866 2095 944 2134 Eos
982 2097 1119 2147 utique
1149 2096 1308 2142 liberos,
1330 2097 1428 2136 duos
1461 2096 1619 2150 sciLfi-

144 2160 232 2205 lios,
251 2165 289 2196 et
312 2163 480 2210 gnatam
506 2159 658 2197 unicam
689 2157 876 2209 produxit
904 2157 942 2196 in
967 2159 1095 2196 Causa
1113 2157 1455 2210 Παραπρεσβείας.
1501 2161 1621 2210 (Vide

146 2222 254 2272 §.psy-
271 2226 311 2259 et
331 2224 362 2268 ξ.
379 2222 451 2270 νέ.)
481 2220 528 2259 ld
559 2227 642 2259 erat
669 2221 923 2259 Intervallum
948 2220 1084 2272 viginti
1108 2221 1157 2259 ad
1185 2221 1386 2259 minimum
1416 2235 1620 2261 annorum.

144 2282 278 2328 Quid?
307 2283 407 2321 duos
437 2282 554 2330 filios,
583 2282 650 2334 qui
671 2283 754 2333 jam
784 2282 934 2322 diutius
963 2297 1009 2322 ex
1039 2283 1204 2334 ephebis
1240 2291 1504 2330 excesserant,
1540 2292 1619 2323 tam

144 2345 259 2396 plane
276 2345 371 2384 nihil
391 2344 676 2396 persentiscere
694 2345 896 2396 potuisse?
953 2345 1059 2390 Quid
1076 2345 1089 2383 3
1130 2346 1383 2397 virginemne
1403 2353 1480 2385 tam
1502 2360 1619 2397 gran·

146 2407 236 2446 dem
259 2408 452 2446 neminem
472 2407 692 2445 meminisse
707 2408 872 2446 Athenis
889 2408 1083 2454 relictum,
1099 2421 1268 2459 quocum
1287 2408 1414 2447 aetatis
1436 2409 1542 2459 quod
1566 2424 1621 2448 re-

145 2470 296 2522 liquum
312 2475 396 2508 erat
416 2470 597 2508 lubenter
617 2470 877 2522 transigeret?
932 2471 1058 2521 Atqui
1078 2471 1142 2509 isti
1159 2471 1271 2509 liberi
1291 2484 1369 2509 non
1390 2479 1471 2510 tum
1493 2472 1618 2510 solum

147 2533 229 2571 nati
249 2539 372 2580 erant,
394 2545 483 2570 cum
513 2545 559 2570 ea
589 2545 707 2570 causa
732 2533 1005 2583 perorabatur,
1026 2535 1142 2571 Anno
1168 2533 1252 2572 scil.
1287 2534 1448 2585 Olymp.
1470 2534 1619 2572 Clxnae.

146 2595 218 2634 2⁰⁰.
239 2608 371 2633 verum
401 2608 490 2633 cum
512 2608 570 2634 eae
590 2608 650 2634 res
671 2601 792 2646 gestae
815 2603 936 2642 erant,
955 2609 1052 2647 quas
1074 2595 1370 2635 insimulabatur
1390 2596 1428 2633 in
1444 2610 1489 2634 ea
1511 2597 1618 2635 Con-

147 2657 323 2696 tentione
358 2670 446 2695 cum
477 2657 662 2709 Philippo
692 2664 830 2696 contra
864 2659 1030 2709 patriam
1069 2657 1257 2709 agitasse:
1289 2658 1433 2709 Ἐρωτῶ
1472 2661 1559 2710 γὰρ,
1589 2656 1619 2697 ὦ

147 2719 355 2765 Ἀθηναῖοι,
376 2722 405 2757 εἰ
436 2719 524 2758 δοκῶ
550 2721 599 2760 ἂν
623 2721 712 2770 ὑμῖν
733 2741 836 2751 ——-
858 2724 1009 2764 τούτους
1030 2719 1116 2764 τοὺς
1137 2721 1290 2759 πάντων
1312 2722 1516 2771 ἀνθρώπων
1536 2722 1619 2773 ἐμοὶ.

146 2784 348 2832 φιλτάτους
365 2782 566 2832 προδοῦναι
583 2782 774 2835 Φιλίππῳ;
807 2796 860 2822 sc.
878 2783 949 2821 llos
966 2782 1123 2829 llberos,
1146 2795 1243 2833 quos
1261 2783 1342 2831 jam
1363 2783 1618 2832 produxerat,

149 2843 261 2892 ξ.μὴ.
318 2843 492 2883 Necesse
527 2851 585 2884 est
624 2844 754 2895 igitur,
778 2851 819 2884 ut
855 2857 938 2884 eam
975 2844 1140 2884 Causam
1176 2850 1292 2884 aetate
1331 2844 1619 2895 aliquantulum

147 2904 354 2944 anteirent.
500 2916 503 2919 ’
