1916 3340
332 190 386 230 58

378 296 429 329 64.
443 297 494 324 40.
517 293 577 333 πρὶν
590 291 660 333 μίαν
672 292 753 331 μόνην
768 294 913 326 συλλαβὴν
927 292 1036 333 γράψαι

380 336 569 375 Δημοσθένην.
589 338 642 371 73,
658 338 710 366 32.
733 338 950 375 παραλλάττειν
968 334 1038 375 μίαν

378 379 460 418 μόνην
475 377 626 409 συλλαξήν.
644 381 696 413 81,
713 381 763 410 29.
788 380 972 419 περιποιεῖται
990 378 1038 407 126-

379 421 412 451 τό
434 422 511 462 μόνον
531 422 652 461 τοῦνομα
675 424 724 455 τῆς
744 423 940 463 δημοκρατίας,
961 420 993 450 τὸ
1017 420 1039 450 δ’

380 464 453 504 ἔργον
469 466 568 503 ετέροις
583 465 829 505 ωαρακεχωρηκεν.
852 467 904 500 89,
920 467 970 495 29.
994 462 1039 492 ἔκ-

382 509 463 537 πλεῖν
476 508 566 559 μόνος
570 508 607 541 εἷς
623 509 714 546 Σάμον
731 507 907 548 ἐγχειρησας,
918 506 1041 546 αὐθημε-

381 562 421 590 ρον
446 550 506 580 υπὸ
530 563 579 583 της
604 549 634 590 ἐξ
661 550 727 589 &peso
719 563 744 579 υ
767 552 867 587 ωάγου
887 550 987 583 Εουλῆς
1008 550 1042 582 ὡς

383 593 512 632 προδότης
532 605 583 627 της
605 592 735 632 πατρίδος
758 592 866 631 θανάτῳ
883 591 1042 633 ἐζημιώθη.

383 638 436 670 89,
451 639 502 667 34·-

339 678 506 719 μονοῧσὲαι,
521 678 600 708 solus
616 688 683 707 curn
699 679 762 707 solo
777 679 897 708 versari.
914 681 966 714 10,
981 679 1032 708 27.

340 722 428 762 μόρα]
453 721 539 762 μόραν
555 720 772 760 Λακεδαιμονίων
792 721 967 752 ἀπέκτεινεν.
990 724 1043 760 88,

384 767 436 795 31.

341 808 480 846 μουσεῖον,
495 818 544 837 ara
560 813 590 837 et
602 807 731 837 aedicula
741 807 841 838 Musis
857 814 1043 845 consecrata,

384 851 415 880 in
433 851 505 879 ludo
523 860 706 890 quocunque
723 850 851 880 literario
867 853 1044 888 constituta,

384 892 437 922 ubi
455 903 566 933 pueros
589 893 727 923 ineuntes
743 898 774 923 et
788 899 933 925 exeuntes
955 895 1044 925 thure

383 936 485 965 facere
501 936 682 976 oportebat,
700 941 733 965 ut
750 937 780 965 in
798 936 943 976 palaestris
959 944 1045 968 erant

385 977 494 1017 ἒρμεῖα,
510 979 664 1008 Mercurio
680 989 780 1009 sacrae.
799 983 829 1013 2,
846 982 896 1009 21.

341 1022 479 1062 μουσικὴ]
502 1023 638 1059 μουσικὴν
661 1024 708 1052 την
734 1022 852 1062 Σειρήνων
875 1023 922 1052 οὐκ
945 1023 1045 1053 εὐδοκι-

385 1066 457 1104 μεῖν.
474 1067 526 1100 86,
545 1067 593 1094 19.
618 1067 751 1104 μουσικὴ,
766 1065 917 1095 institutio
933 1066 1045 1096 artium

389 1107 568 1136 liberalium.
584 1109 636 1142 89,
655 1110 683 1136 1.

342 1148 466 1190 μόχθος]
489 1148 596 1190 μ6χθον
610 1149 683 1190 ἐ’χειν
697 1150 775 1189 ἀμφὶ
792 1150 893 1189 ξυνοῖσι
909 1152 1046 1192 πράγμα-

389 1204 431 1227 σι,
448 1203 501 1232 pro
517 1193 676 1232 republica
691 1193 837 1222 laborare.
853 1198 905 1230 ΒΟ,
921 1197 972 1223 16.

344 1234 449 1275 μύριοι]
474 1236 536 1270 τοὶ-ς
551 1233 661 1275 μυρίους
676 1236 730 1263 τῶν
746 1232 884 1273 Ἀρκάδων
904 1237 1048 1264 νουθετῶν.

388 1281 442 1313 49,
459 1280 509 1308 18.
533 1279 596 1311 τοὺς
609 1275 720 1316 μυρίους
739 1275 825 1314 ξένους
841 1275 1050 1316 Ἀμφισσεῦσιν

389 1319 590 1359 ἐκμισθώσας.
605 1322 657 1354 74,
673 1322 724 1349 22.

345 1363 511 1402 μυστήριον]
529 1362 675 1402 μυστήρια
691 1360 893 1400 ἀπαγγέλλειν.
909 1364 962 1398 45,
977 1372 1048 1402 pen.

360 1438 363 1441 ,
391 1406 472 1434 conf.
488 1417 514 1434 v.
526 1408 578 1435 38.
594 1405 648 1433 ubi
664 1410 709 1434 est
724 1405 953 1445 μυστηριώτιδας
966 1416 1050 1435 σπον-

390 1448 440 1480 δὰς
454 1446 658 1485 ἀπαγγέλλειν.

349 1490 558 1530 μυστηριῶτις]
588 1488 811 1528 μυστηριώτιδες
840 1489 974 1520 σπονδαὶ.
999 1491 1053 1526 45,

392 1535 445 1564 38.
469 1535 521 1568 46,
539 1535 589 1564 24.
614 1543 643 1562 v.
668 1532 783 1572 penult.
805 1533 893 1574 (pag.
910 1532 978 1573 45.)
1000 1543 1054 1574 ap-

395 1575 501 1616 pellat,
517 1575 674 1615 μυστήρια.

350 1618 482 1658 μύστης]
499 1620 512 1648 ἦ
528 1621 582 1647 τῶν
603 1619 723 1657 μυστῶν
737 1619 853 1648 τελευτῆ
878 1618 909 1649 in
929 1619 1056 1649 ostentis

394 1662 512 1691 habita.
528 1664 582 1696 72,
598 1663 649 1691 12.

351 1703 462 1745 μυχός]
486 1703 582 1746 μυχὸς
595 1705 654 1742 γῆς.
674 1705 724 1739 18,
742 1704 791 1733 15.

688 1838 728 1865 N.

360 1919 544 1959 ναματιαῖος]
569 1920 676 1949 ὑδάτων
698 1918 875 1960 ναματιαίων
890 1921 932 1960 μὴ
957 1919 1060 1960 εἴργειν.

397 1963 519 1997 43,15.

356 2003 570 2042 ναυπηγεῖσθαι
586 2005 705 2044 τριήρεις.
722 2007 774 2040 58,
793 2008 843 2035 10.

356 2047 432 2087 ναῦς]
457 2045 596 2086 ἀκμάζειν
614 2048 662 2076 και
683 2049 762 2078 ναυσὶ
785 2059 832 2077 και
853 2047 998 2089 χρήμασι,
1014 2047 1064 2077 και

401 2088 474 2130 πεζῇ
488 2089 622 2129 στρατιᾷ.
637 2093 691 2126 77,

357 2131 497 2173 ναυτικὸς]
521 2144 633 2163 ναυτικη
649 2133 696 2162 καὶ
713 2133 784 2173 πεζὴ
799 2135 927 2173 στρατιὰ
949 2144 996 2162 και
1013 2132 1064 2162 π6-

401 2181 458 2208 λεις
471 2176 550 2228 ἄρδην
567 2175 634 2204 εἶσῖν
655 2176 877 2217 ἀνηρπασμέναι.
892 2177 946 2211 73,
964 2178 1016 2205 11.
1038 2173 1064 2203 ἐ-

406 2219 554 2252 πιστάτης
568 2229 616 2247 του
632 2221 767 2249 ναυτικοῦ.
785 2220 837 2255 85,
855 2221 904 2249 29.
929 2215 1066 2259 ἀφανίζειν

402 2260 535 2291 ναυτικόν.
554 2261 606 2296 85,
621 2262 673 2291 31.

359 2301 497 2333 νεανίσκοι.
513 2306 545 2338 2,
561 2306 611 2333 20.
635 2305 778 2344 ἡμιμανὴς
790 2302 933 2337 νεανίσκος.
947 2306 999 2339 24,
1013 2306 1065 2335 25.

402 2345 554 2385 ’πανοπλία
579 2346 804 2386 κεκοσμημένους
828 2345 988 2380 νεανίσκους.
1013 2347 1066 2380 75,

403 2390 455 2419 29.
482 2388 493 2417 6
512 2388 598 2428 δῆμος
617 2390 680 2423 τοὺς
703 2389 852 2422 νεανίσκους
872 2388 979 2430 μέχρις
999 2388 1068 2422 ’ἥβης

406 2430 513 2471 ἔτρεφε.
528 2433 582 2466 75,
597 2433 649 2462 32.

360 2475 475 2515 νομέας]
491 2474 629 2528 εχαράδρα
643 2474 744 2513 νεμεας
758 2473 926 2528 καλουμένη.
943 2474 996 2510 50,
1012 2476 1064 2504 36.

360 2516 464 2557 νέμειν]
488 2517 581 2556 ὥσπερ
597 2516 628 2546 ἐκ
642 2519 696 2546 τῶν
711 2516 804 2569 ἐράνων
819 2529 858 2547 τα
875 2516 1002 2556 περιόντα
1017 2527 1067 2546 νει-

403 2560 538 2599 μάμενοι.
555 2561 608 2597 89,
623 2562 676 2590 30.
698 2563 740 2599 μὴ
755 2559 855 2599 νέμετε
877 2562 932 2594 τὰς
953 2566 1066 2599 φιλοτι-

404 2601 486 2642 μίας,
499 2603 578 2633 ἀλλα
592 2601 704 2642 κρίνετε.
723 2604 775 2638 90,
791 2605 820 2632 2.

362 2656 387 2675 νε
379 2643 454 2686 ”ος]
447 2644 518 2680 ε’νιοι,
532 2643 580 2674 νέοι
593 2644 677 2681 ὅντες,
692 2645 832 2685 προφερεῖς
846 2645 894 2674 και
910 2644 1068 2685 πρεσβύτε-

405 2699 442 2728 ροι
465 2685 615 2727 φαίνονται.
638 2690 671 2724 7,
694 2688 746 2718 35.
773 2686 879 2728 τέχνας
904 2690 958 2717 τῶν
980 2687 1068 2739 λόγων

405 2742 470 2764 τους
484 2729 554 2764 νέους
567 2730 713 2761 διδάσκειν.
729 2732 781 2767 16,
797 2733 850 2761 31.
873 2729 984 2770 θηρεύειν
997 2729 1068 2766 νέους

405 2772 554 2805 πλουσίους
568 2772 703 2812 ὀρφανούς.
725 2776 777 2810 24,
799 2775 849 2803 26.
873 2775 913 2802 τὰ
935 2775 990 2802 τῶν
1006 2771 1067 2803 νέων

406 2815 599 2856 ζηλώματα’
590 2815 637 2846 εντ’
656 2817 751 2857 ἀρετὴν
770 2814 992 2856 προτρέψασθε.
1013 2818 1066 2852 27,

406 2860 459 2888 13.
481 2857 616 2898 θηρευται
639 2862 693 2888 τῶν
713 2858 783 2894 νέων,
807 2858 865 2889 ἷίσοι
887 2858 981 2899 ῥαδίως
1004 2857 1067 2888 άλί-

407 2912 532 2931 σκονται.
555 2903 609 2936 27,
631 2904 681 2932 29.
709 2900 940 2940 ἐπαγγέλλεσθαι
963 2900 1068 2943 τέχνας

408 2946 463 2973 τῶν
477 2943 563 2981 λόγων
576 2944 640 2984 πρὸς
655 2956 717 2978 τους
731 2944 809 2978 νέους.
827 2947 878 2979 49,
895 2947 947 2974 11.

366 2986 462 3025 νεῦρον]
486 2985 694 3027 ὑποτέτμηται
715 2989 754 3017 τὰ
769 2989 844 3028 νεῦρα
859 2990 912 3018 τῶν
927 2987 1064 3028 πραγμά-

758 186 951 228 INDEX
983 186 1358 228 GRAECITATIS

1114 304 1177 322 των.
1194 296 1246 328 77,
1262 295 1314 323 26.

1070 335 1182 376 νεώριον]
1205 335 1310 377 νεωρίων
1325 337 1409 387 ἀρχὴ
1424 335 1528 376 ἄρχειν.
1545 337 1598 372 57,
1613 339 1665 367 26.

1071 379 1145 419 νεὼς]
1170 378 1236 419 πρὸς
1250 379 1295 408 τὸν
1306 379 1393 408 καινὸν
1407 379 1476 408 νεών.
1492 381 1546 413 70,
1562 381 1591 408 4.

1071 421 1235 462 νεωτερίζειν.
1252 425 1304 457 86,
1321 424 1350 452 2.

1073 465 1208 504 νεώτερος]
1232 467 1286 498 τὰς
1309 464 1333 493 ἐν
1357 465 1414 498 τοῖς
1431 461 1594 502 γυμνασίοις
1616 466 1697 502 μετὰ
1719 465 1774 492 τῶν

1116 509 1245 546 νεωτέρων
1273 520 1330 547 μου
1359 507 1504 547 διατριβὰς
1529 505 1772 546 καταμέμφεται.

1118 553 1170 586 84,
1187 553 1239 581 40.

1075 593 1147 632 νικᾷν
1161 595 1246 624 καλῆν
1260 592 1338 623 νίκην.
1353 596 1383 629 9,
1397 595 1448 623 40.
1470 592 1545 632 νικᾷἷν
1559 592 1597 632 τῇ
1611 591 1706 631 ψήφῳ.
1721 592 1774 625 39,

1119 638 1170 666 36.
1193 636 1253 676 νικςῖ
1269 635 1422 675 ψήφισμα.
1439 638 1490 672 63,
1507 639 1558 666 21.
1582 633 1652 665 ἐνίκα
1668 635 1776 669 ταῦτα,

1119 679 1310 709 obtinebant.
1341 682 1392 714 64,
1417 681 1448 708 7.
1489 678 1551 708 ὅθεν
1579 680 1621 718 μὴ
1646 676 1776 707 νικύσασι

1119 723 1222 762 μάχην
1236 722 1283 752 οὐκ
1298 726 1324 752 ὴν
1340 722 1523 763 ἀναχώρησις.
1540 723 1591 756 66,
1608 724 1637 751 8.
1675 720 1776 759 μάχην

1120 764 1217 804 (pro'
1207 776 1232 794 εν
1245 764 1349 805 μάχῃ)
1363 776 1426 794 τινα
1439 776 1522 794 νικαν.
1536 767 1590 798 79,
1606 765 1658 794 36.

1078 806 1147 848 νίκη]
1171 808 1244 836 νικίἰν
1263 810 1349 838 καλὴν
1363 807 1440 837 νίκην.
1457 810 1487 842 9,
1502 811 1554 837 40.
1577 803 1779 854 ἀπαγγέλλειν

1121 852 1229 890 πρῶτος
1250 861 1299 881 την
1321 848 1406 881 vium:
1430 851 1551 880 videtur
1567 849 1655 879 moris
1676 847 1778 881 fuisse,

1122 900 1166 928 ut,
1179 894 1232 934 qui
1249 894 1364 933 primus
1380 893 1533 922 victoriam
1550 897 1662 933 partam
1682 900 1781 930 popu-

1121 935 1151 965 lo
1174 936 1386 971 annunciaret,
1401 945 1513 966 corona
1535 936 1783 965 cohonestaretur

1122 989 1223 1009 aurea.
1238 982 1290 1014 50,
1304 984 1448 1019 autepen.
1465 984 1496 1008 et
1510 979 1563 1014 51,
1575 981 1604 1009 4.
1624 976 1657 1006 τὸ
1671 975 1783 1015 ἀείμνη·

1121 1034 1188 1052 στον
1203 1021 1234 1051 ἐκ
1248 1024 1297 1055 τῆς
1310 1020 1390 1056 νίκης.
1405 1023 1457 1057 79,
1473 1023 1524 1051 27.

1079 1063 1169 1106 νόθος]
1185 1064 1259 1095 νόθον
1271 1065 1342 1095 facit
1353 1064 1518 1094 AEschines
1531 1062 1781 1094 Demosthenem.

1122 1110 1175 1143 40,
1193 1111 1244 1139 29.

1079 1151 1149 1191 νομῇ
1171 1151 1328 1192 χρημάτων
1351 1148 1397 1180 τόν
1420 1149 1504 1190 δῆμον
1530 1146 1704 1189 διαφθείρειν.
1728 1148 1783 1181 38,

1124 1196 1176 1223 10.

1080 1234 1211 1273 νομίζειν]
1233 1239 1288 1263 τῶν
1303 1233 1547 1285 σεσωφρονημένων
1561 1233 1586 1263 ἒν
1604 1233 1649 1272 τῷ
1668 1231 1718 1270 βίῳ
1734 1243 1784 1271 μοι

1124 1277 1207 1316 χάριν
1221 1274 1531 1315 ἀπειληφέναινομίζω.
1557 1279 1609 1312 28,
1624 1266 1678 1306 21-
1700 1274 1784 1307 ἀβίω-

1126 1330 1172 1347 τον
1187 1317 1253 1348 εῖναί
1273 1330 1323 1358 μοι
1344 1317 1388 1349 τᾶν
1411 1318 1504 1348 λοιπὸν
1526 1319 1581 1352 βίον
1603 1317 1714 1357 νομιζω.
1733 1318 1786 1351 28,

1127 1362 1244 1401 penult.
1269 1361 1469 1401 δοκιμασταςι
1462 1372 1567 1395 ικανους
1580 1362 1629 1390 τοῦ
1645 1360 1713 1399 ἓμου
1731 1358 1788 1389 Είου

1128 1405 1205 1442 ὑμας
1228 1403 1342 1444 νομίζω.
1365 1406 1418 1438 47,
1445 1405 1496 1433 30.
1524 1402 1699 1443 ἀνεπίφθονον
1722 1400 1787 1432 είναί

1127 1458 1177 1485 μοι
1193 1445 1297 1486 νομίζω
1313 1457 1372 1486 περι
1389 1445 1495 1476 τούτων
1509 1445 1608 1497 λέγειν.
1627 1449 1678 1480 50,
1692 1447 1743 1476 30.

1085 1488 1232 1531 νόμισμα]
1246 1489 1331 1530 χίλια
1342 1490 1476 1520 τάλαντα
1485 1487 1663 1529 νομίσματος
1675 1489 1790 1528 (signa-

1131 1537 1169 1562 tae
1193 1532 1347 1573 pecuniae)
1360 1531 1545 1573 ἀνηνέγκαμεν
1559 1532 1597 1567 εἶς
1611 1533 1660 1563 τὴν
1674 1531 1791 1571 ἀκρόπο-

1131 1580 1183 1604 λιν.
1198 1577 1251 1610 51,
1267 1577 1319 1607 25.
1335 1578 1387 1606 31.

1090 1616 1251 1659 νομοθέτης]
1277 1618 1439 1657 διαλέγεται
1463 1618 1475 1648 6
1500 1616 1655 1658 νομοθέτης
1677 1616 1738 1646 τινί.
1761 1618 1792 1651 3,

1135 1662 1186 1691 26.
1208 1664 1260 1692 30.
1277 1664 1328 1693 33.
1351 1664 1448 1692 ταῦτα
1464 1659 1550 1695 οὕτως
1564 1659 1592 1691 εὖ
1608 1665 1793 1700 προκατειλη-

1134 1703 1218 1744 φότος
1231 1705 1280 1734 τοῦ
1295 1704 1459 1744 νομοθέτου.
1475 1706 1528 1740 55,
1541 1707 1592 1735 21.
1611 1702 1766 1744 ἐνεχυράζει
1782 1702 1794 1731 6

1134 1747 1289 1786 νομοθέτης
1303 1749 1358 1782 τὰς
1377 1746 1471 1782 οὐσίας
1489 1750 1544 1777 τῶν
1559 1746 1726 1777 ὑπευθύνων.
1740 1747 1794 1780 56,

1136 1792 1188 1820 41.
1211 1789 1363 1830 νομοθέτας
1382 1789 1552 1831 ἐπιγράφειν.
1573 1791 1626 1824 59,
1642 1791 1693 1819 12.
1716 1799 1794 1828 νομο-

1135 1831 1228 1866 θέτας
1239 1834 1468 1864 constituebant
1479 1843 1536 1875 pry
1542 1838 1638 1867 tanes,
1648 1831 1701 1872 qui
1714 1831 1796 1871 leges

1136 1875 1217 1905 inter
1243 1886 1275 1906 se
1300 1882 1472 1916 pugnantes
1496 1881 1548 1906 aut
1574 1875 1648 1906 alias
1674 1875 1796 1904 inutiles

1137 1917 1286 1948 tollerent.
1301 1921 1355 1953 59,
1372 1921 1422 1948 12.
1446 1921 1498 1948 18.

1095 1958 1189 2000 νόμος]
1206 1961 1244 2001 τῇ
1258 1971 1290 1990 τε
1306 1961 1397 1996 πόλει,
1407 1960 1454 1989 καὶ
1470 1962 1528 1994 τοῖς
1541 1960 1643 2000 νόμοις,
1659 1958 1705 1989 καὶ
1720 1958 1796 1998 ὑμῖν,

1138 2004 1185 2032 και
1215 2003 1344 2043 ἐμαυτῳ.
1373 2007 1404 2039 1,
1430 2005 1460 2033 7.
1496 2003 1621 2044 αἷσχρως
1649 2001 1798 2035 βεβιωκότι

1139 2057 1266 2086 προειπον
1292 2058 1313 2075 οι
1323 2045 1411 2098 mv6¹1mn
1433 2047 1475 2086 μὴ
1501 2045 1664 2086 δημογορεῖν.
1692 2046 1798 2081 1,13.

1139 2090 1204 2123 τοὺς
1218 2088 1244 2118 ἒν
1258 2100 1354 2130 χειρων
1372 2088 1446 2129 νόμω
1466 2101 1521 2122 τας
1540 2087 1685 2122 πολιτείας
1706 2098 1798 2117 κατα-

1140 2131 1266 2166 λύοντας.
1283 2134 1380 2168 1,2-1ι.
1408 2132 1573 2172 ἀναγράφειν
1593 2131 1700 2169 νόμους.
1722 2134 1752 2166 2,
1769 2133 1799 2161 3.

1141 2177 1172 2205 8.
1197 2173 1499 2216 ’ωάρακατατίθεσθαί
1523 2185 1576 2205 τινι
1599 2173 1704 2226 νόμους.
1725 2173 1801 2203 ibid.

1140 2215 1298 2257 ἔφιστάνειν
1312 2220 1374 2248 τινα
1393 2217 1509 2257 φύλακα
1530 2227 1584 2247 των
1603 2216 1701 2257 νόμων.
1726 2216 1801 2246 ibid.

1142 2259 1261 2300 διέξειμι
1276 2260 1341 2302 πρὸς
1354 2262 1431 2302 ὑμας
1445 2273 1510 2296 τους
1524 2260 1632 2300 νόμους.
1647 2262 1678 2294 2,
1694 2262 1726 2290 4.
1750 2258 1801 2289 ’ένο-

1141 2314 1194 2344 χος
1209 2303 1285 2334 ἐ’στω
1299 2305 1342 2343 τῷ
1357 2315 1425 2345 περι
1441 2316 1490 2338 της
1503 2306 1558 2333 τῶν
1572 2301 1720 2342 ἐλευθέρων
1730 2301 1802 2354 φθο-

1142 2348 1189 2386 ρᾶς
1207 2346 1290 2386 νόμῳ.
1300 2351 1338 2420 52,
1352 2349 1404 2377 36.
1426 2357 1555 2386 τιμαται
1571 2346 1582 2375 6
1600 2345 1681 2386 νόμος
1699 2345 1745 2374 καῖ
1768 2344 1801 2374 τὸ

1142 2388 1227 2419 δειον.
1249 2391 1319 2425 3,5
1323 2413 1330 2420 .
1353 2388 1453 2430 ὕβρεως
1473 2388 1562 2429 νόμος.
1583 2391 1614 2424 3,
1632 2391 1661 2419 9.
1686 2387 1802 2428 προστί-

1141 2430 1255 2461 θεσθαι
1277 2431 1363 2463 καινὸν
1384 2433 1471 2472 νόμον.
1487 2434 1518 2468 5,
1535 2435 1587 2462 20.
1608 2430 1736 2471 φυλέτας
1750 2442 1802 2460 κα-

1141 2473 1257 2504 &no-&az
1283 2475 1455 2510 βοηθουντας
1479 2487 1539 2510 τοις
1564 2474 1663 2514 νόμοις.
1691 2475 1721 2509 5,
1751 2477 1801 2505 22

1141 2516 1301 2556 γράφεσθαι
1316 2518 1395 2558 νόμον
1402 2531 1444 2559 μη
1457 2516 1642 2549 ἐπιτηδειον
1615 2523 1692 2547 εἰναι.
1708 2518 1739 2551 5,
1749 2519 1800 2547 30.

1143 2559 1324 2600 κύριοινόμοι.
1339 2562 1371 2598 5,
1386 2561 1505 2602 penult.
1525 2558 1704 2600 μισθαρνῶν’
1695 2559 1741 2590 εντ’
1754 2559 1803 2589 αὖ·

1143 2602 1185 2641 τῷ
1199 2603 1300 2642 τούτῳ,
1315 2602 1328 2633 ὃ
1343 2603 1506 2644 ἀπαγορεύει
1521 2603 1533 2632 6
1546 2604 1626 2643 νόμος
1643 2605 1685 2643 μη
1706 2603 1804 2643 mgb-'r-

1143 2656 1209 2675 τειν.
1229 2648 1260 2681 6,
1277 2649 1328 2677 22.
1343 2646 1498 2699 ἐπιζήμιος
1519 2644 1552 2675 ἐκ
1573 2647 1628 2675 τῶν
1650 2644 1746 2685 νόμων.
1771 2647 1802 2681 7,

1144 2690 1197 2718 13.
1220 2686 1361 2729 ἐπερωτᾷν
1379 2689 1413 2718 τό
1433 2688 1465 2718 ἐκ
1484 2699 1538 2719 των
1558 2687 1645 2728 νόμων
1661 2689 1803 2728 κήρυγμα.

1144 2733 1196 2765 11,
1211 2732 1263 2762 33.
1287 2730 1430 2772 πρίασθαι
1452 2733 1507 2765 τὰς
1527 2732 1620 2772 ἄρχοις
1641 2733 1742 2772 παρὰ.
1741 2743 1803 2765 τους

1143 2771 1250 2812 νόμους.
1275 2776 1327 2810 15,
1354 2777 1404 2805 12.
1430 2773 1582 2814 ἐξαλείφειν
1607 2775 1671 2808 τοὺς
1699 2773 1805 2814 νόμους.

1143 2818 1197 2851 16,
1213 2818 1266 2847 41.
1292 2816 1530 2857 παρακαταθήκην
1545 2828 1600 2846 των
1621 2815 1708 2856 νόμων
1729 2815 1805 2858 ἔχον-

1143 2869 1199 2892 τες·
1216 2861 1271 2895 26,
1284 2862 1336 2891 33.
1359 2859 1496 2901 ιερωσύνην
1511 2858 1606 2893 οὐδενὸς
1622 2858 1686 2890 Θεων
1704 2860 1806 2898 κληρώ-

1141 2911 1237 2937 σεται,
1253 2903 1288 2936 ὡς
1302 2903 1349 2932 οὐκ
1364 2903 1398 2933 ὢν
1409 2902 1442 2932 ἐκ
1455 2905 1509 2933 τῶν
1524 2901 1612 2941 νόμων
1632 2901 1752 2942 καθαρός
1773 2901 1806 2931 τὸ

1142 2946 1240 2984 σῶμα.
1256 2948 1309 2981 26,
1322 2948 1375 2977 36.
1406 2945 1541 2976 διδάσκειν
1556 2946 1618 2979 τοὺς
1630 2944 1734 2984 νόμους,
1750 2945 1806 2975 do-

1143 2997 1223 3024 cere,
1238 2988 1313 3029 quid
1327 2989 1411 3030 leges
1427 2989 1467 3020 de
1479 2988 1604 3020 crimine
1612 2998 1734 3029 quoque
1745 2992 1807 3019 sta-
