1916 3340
329 181 441 237 364

327 291 389 321 Sed
404 289 493 320 uncis
509 289 629 320 inclusi.

370 334 448 365 ibid.
465 344 495 365 v.
508 344 578 374 pen.
592 332 740 375 ἀνελόντα]
763 335 843 366 Nam
856 345 926 364 cum
936 334 1049 365 moenia

325 377 487 415 ducantur,
503 387 632 408 necesse
648 388 731 417 saepe
743 382 802 415 est,
816 378 846 408 id
864 379 945 417 quod
964 378 1013 409 vel
1030 388 1048 408 e

324 421 506 461 Thucydide
524 421 639 452 factum
654 427 785 458 constat,
806 427 840 451 ut
855 427 1050 452 monumenta

326 464 498 502 diruantur,
514 475 575 505 quo
594 470 646 496 aut
666 476 738 497 saxa
753 472 781 496 et
800 465 887 495 stelae
905 466 1048 496 maceriis

325 508 497 539 condendis
522 509 733 541 sarciendisve
757 510 972 547 adhibeantur,
995 514 1048 540 aut

325 550 358 582 in
387 557 654 584 monumentorum
687 554 757 583 loco
785 553 908 590 moenia,
934 553 1048 593 quibus

325 602 523 627 monumenta
538 597 687 633 officiunt,
703 601 907 628 exstruantur.

369 649 403 679 p.
420 642 495 671 282.
512 651 544 671 v.
561 643 592 672 3.
607 640 729 682 τούτων]
763 642 896 677 Horum,
917 640 1048 672 Atheni-

326 683 443 714 ensium
460 689 546 724 puta‚
563 684 726 724 injudicio
739 685 943 715 assidentium
955 691 1047 725 atque

323 728 600 758 circumstantium.

368 769 395 809 ξ.
409 781 459 802 πη.
476 781 508 810 p.
521 773 597 803 282.
610 783 639 802 v.
658 775 710 803 14.
727 771 738 802 ὅ
755 770 857 813 αὐτὸς]
885 771 1048 802 Sententia

323 813 448 844 videtur
462 815 648 854 postulare‘
636 827 648 845 ο
662 816 866 858 μεγάλαυχος.
890 816 952 846 Sed
968 816 1047 846 bene

325 856 417 887 habet
444 858 583 897 vulgata,
608 858 655 890 hic
676 859 735 898 ipse
755 859 804 900 (id
832 864 890 896 est,
919 870 996 891 unus
1016 864 1048 890 et

323 898 423 940 idem)
434 902 547 940 —ipse
561 902 610 943 (id
626 907 685 938 est,
703 904 795 940 ultro,
810 908 919 942 sponte
936 914 1001 933 sua.
1003 902 1019 943 )

365 943 393 983 ᾗ.
409 942 468 975 ore'.
482 956 512 985 p.
525 947 601 976 283.
615 956 645 977 v.
661 949 692 977 1.
700 946 810 988 αὐτῶν]
829 947 1048 978 Demosthenis

320 990 352 1017 et
367 987 592 1027 Ctesiphontis.

365 1031 445 1062 ibid.
463 1043 492 1063 v.
510 1035 542 1063 2.
555 1032 732 1085 τολμησειε]
756 1034 865 1064 Malim
880 1034 1035 1074 τολμήσει

365 1073 445 1105 ibid.
459 1085 490 1106 v,
506 1078 538 1108 3.
552 1075 749 1118 ἐγκωμιάσει]
772 1076 909 1108 Malim’
899 1078 1047 1119 synmati-

324 1115 389 1158 ζειν.

365 1161 443 1191 ibid.
464 1173 495 1192 v.
510 1164 542 1193 7.
557 1162 624 1194 ὅταν
638 1163 808 1207 &regma-9]
833 1164 872 1196 ΔΞ
896 1163 1047 1205 expunxi.

322 1213 393 1235 nam
416 1204 493 1235 alias
516 1207 615 1237 oratio
640 1208 700 1238 sibi
724 1219 784 1238 non
808 1213 939 1239 constat.
984 1208 1046 1247 Qui

322 1253 460 1284 servant,
476 1248 578 1289 iispro
595 1248 663 1281 ὅπου
679 1261 772 1282 velsu
789 1254 819 1282 5.
833 1253 893 1292 leg.
904 1255 952 1282 est
963 1249 1046 1282 ἦπου.

322 1294 354 1320 et
370 1292 519 1322 videtur·
510 1303 540 1322 ιι)
558 1294 645 1324 libris
671 1295 803 1326 vetustis
828 1295 948 1335 gemina
972 1295 1001 1325 h.
1025 1295 1046 1325 1.

320 1333 419 1365 fuisse
432 1335 542 1390 lectio,
556 1337 616 1367 alia
637 1347 673 1367 ea
692 1349 783 1377 quam
804 1338 889 1374 dedi,
905 1339 966 1368 alia
980 1338 1046 1368 haeo

320 1375 394 1408 ἦπου
408 1379 463 1419 γὲς
475 1398 517 1402 —
526 1379 593 1410 ὅταν
605 1379 633 1410 δὲ
650 1378 807 1420 ἅνθρωπος.

364 1422 444 1452 ibid.
466 1432 497 1452 ν.
513 1424 545 1453 8.
569 1422 754 1465 ἐγκωμιάζῃ]
780 1425 859 1454 Post
877 1422 1046 1467 ἐγκωμιάζη

322 1464 449 1495 videtur
464 1464 576 1506 οἴσομεν
592 1467 640 1497 vel
663 1465 820 1507 ἀνεξόμεθα
834 1468 956 1504 deesse,
972 1478 1047 1498 num

312 1507 469 1548 fetemus.
465 1509 479 1531 2
502 1520 571 1540 cum
592 1509 833 1551 interrogatione
856 1511 1047 1551 indignantis

322 1557 355 1582 et
369 1552 542 1583 infitiantis.
558 1553 634 1584 alias
652 1554 844 1585 constructio
860 1555 956 1586 labat.
982 1560 1046 1585 tum

321 1594 433 1636 incipit
449 1606 530 1627 nova
545 1598 705 1628 sententia.
727 1599 822 1639 ecquis
838 1599 899 1629 haec
921 1599 1048 1630 auribus

321 1641 410 1679 (equis
424 1641 568 1680 accipiat
565 1642 578 1664 2

365 1682 391 1721 §.
408 1682 450 1722 ζ’.
467 1695 498 1725 p.
515 1686 590 1716 284.
607 1695 637 1715 v
656 1688 686 1716 4.
702 1686 863 1726 τιμήσετε]
896 1686 976 1716 Post
1001 1696 1046 1716 τι-

321 1725 448 1765 μῆσετε,
476 1732 529 1758 aut
550 1728 682 1765 excidit,
707 1735 760 1759 aut
788 1735 874 1760 certe
897 1729 1046 1760 subaudi-

322 1770 436 1800 endum
459 1776 518 1807 est,
536 1769 583 1802 ἐὰν
602 1772 761 1811 τιμήσητε
778 1779 806 1803 et
824 1772 1046 1804 Demosthenem

320 1823 389 1843 cum
404 1813 593 1851 honorabitis,
613 1825 720 1846 eumne
739 1817 832 1856 magis
855 1816 1046 1853 honorabitis,

321 1867 363 1886 un
385 1866 431 1887 vos
452 1858 684 1888 dedecorabitis?
708 1860 759 1889 vel
782 1860 866 1889 idem
887 1863 946 1896 est,
967 1869 1003 1889 ac
1020 1860 1047 1889 si

321 1899 495 1936 dixisset,
483 1914 498 1932 η
510 1900 631 1932 vieo-&2²
620 1903 698 1941 υμᾶς
713 1900 768 1940 μὲν
781 1901 865 1932 αὐτὸν
879 1901 983 1943 τιμὲἰν,
996 1902 1047 1932 αὒ-

319 1943 386 1977 τοὺς
398 1942 454 1973 δὲ
443 1946 523 1985 υμᾶς
535 1943 561 1974 ἓν
575 1944 678 1984 ταύτῷ
691 1945 739 1975 οὐκ,
754 1944 930 1986 ἀτιμάζεινὲ

363 1987 390 2027 §.
408 1988 464 2026 402.
479 1998 511 2026 p.
528 1989 604 2018 5284.
620 1998 652 2017 v.
666 1998 738 2026 pen.
755 1989 886 2029 κρινειτε]
904 1989 1047 2019 Revoca-

320 2027 366 2065 vi,
378 2034 409 2059 et
424 2041 532 2060 velum
546 2041 616 2060 esse
631 2031 763 2060 docent'
755 2032 960 2071 insequentia.
984 2032 1049 2062 Sed

320 2072 441 2103 excidit
455 2073 641 2104 vocabulum
652 2074 801 2105 σκοπεῖτε.
812 2075 894 2114 quod
906 2075 1049 2115 quamvis

322 2116 462 2146 viderem
478 2127 608 2156 prorsus
623 2126 694 2147 esse
709 2117 932 2154 necessarium,
946 2123 1049 2149 tamen

321 2159 361 2189 de
377 2169 447 2190 meo
462 2159 604 2200 ingerere
616 2170 710 2190 ausus
726 2171 786 2190 non
800 2171 878 2192 sum.
903 2162 990 2202 Lego
1002 2162 1050 2192 in-

322 2202 413 2233 terim
425 2204 576 2240 σκοπεῖτε,
585 2202 616 2234 τί
623 2203 751 2244 κρινεῖτε.
761 2205 910 2236 considera
915 2211 952 2242 te,
962 2216 1050 2246 quum

323 2247 499 2277 sententium
513 2247 577 2277 sitis
590 2249 835 2286 pronuntiaturi.

366 2300 398 2330 p.
413 2291 488 2322 285.
506 2301 536 2321 v.
549 2294 580 2320 1.
594 2289 788 2333 κηςύγματα]
812 2294 876 2322 Cur
892 2291 1051 2324 Marklan-

323 2333 363 2363 do
388 2333 568 2374 displiceat,
587 2334 629 2365 nil
653 2334 796 2374 equidem
819 2345 921 2366 causae
945 2336 1048 2367 video.

323 2377 429 2417 Negat
454 2378 601 2417 exempla
630 2379 770 2417 subjecta
794 2378 868 2409 hnic
894 2379 1049 2410 vocabulo

323 2419 502 2451 convenire.
526 2423 596 2461 Ego
612 2431 688 2451 vero
703 2421 752 2452 aio
768 2422 846 2453 bene
862 2422 964 2452 omnia
976 2433 1049 2453 con-

323 2463 444 2500 venire,
469 2465 553 2504 quod
575 2464 729 2504 intelligo.
757 2475 827 2495 nam
851 2465 882 2495 in
904 2466 1049 2497 omnibus

318 2508 451 2546 judiciis
468 2508 620 2539 sententia
631 2508 781 2547 judicum,
797 2519 988 2549 quaecunque
1001 2521 1049 2541 es-

323 2555 383 2587 set,
398 2552 553 2591 praeconis
569 2561 646 2582 voce
662 2552 924 2592 promulgabatur.
954 2553 1047 2590 Quod

324 2594 385 2624 etsi
400 2605 489 2625 secus
503 2599 599 2631 esset,
611 2594 707 2625 nihilo
723 2599 824 2626 tamen
837 2595 937 2626 minus
952 2597 1049 2627 dictio

324 2638 404 2668 bene
419 2638 559 2669 haberet.
588 2638 753 2669 Damnatio
774 2640 820 2669 rei
843 2640 1051 2677 absolutiove,

327 2681 401 2720 quia
425 2682 495 2712 loco
517 2682 647 2722 publico
673 2687 705 2712 et
726 2682 847 2713 nomine
870 2683 977 2723 populi
1006 2685 1051 2720 fit,

326 2730 412 2755 recte
439 2725 564 2756 videtur
581 2726 716 2767 κήρυγμα
740 2724 870 2766 δημόσιον
891 2727 1051 2766 appellari.

325 2767 473 2808 quiequid
485 2769 566 2799 enim
579 2770 617 2799 ad
632 2780 738 2800 omnes
751 2769 900 2806 dimanat,
911 2771 1052 2802 omnibns

326 2811 508 2849 innotescit,
523 2813 555 2843 id
571 2817 620 2843 est
633 2813 778 2854 κήρυγμα.

370 2854 449 2886 ibid.
472 2867 502 2886 v.
519 2858 550 2887 3.
573 2857 721 2898 ἀσχήμων
742 2855 792 2899 ὢν]
823 2858 945 2887 Rursus
967 2862 1051 2888 recte

328 2898 432 2928 habet.
449 2908 509 2929 non
532 2900 675 2940 respexit
692 2900 808 2940 'I'aylor
821 2901 860 2931 ad
875 2900 1051 2940 proximum

328 2940 378 2970 καὶ
395 2941 534 2983 Βδελυςός.
550 2944 632 2984 quod
658 2948 739 2974 stare
764 2954 823 2975 non
844 2944 945 2986 possit
962 2945 1033 2976 ab*
1017 2956 1053 2976 ων

327 2984 520 3016 destitutum.

373 3027 452 3060 ibid.
465 3039 496 3060 v
505 3031 538 3060 7.
556 3028 726 3072 ἐπανελθὼν]
750 3032 830 3063 Ante
843 3029 1051 3064 vot-..iwann-

770 198 1002 243 REISKII
1036 199 1371 243 ANNOTATA

1083 290 1143 322 θὼν
1159 291 1284 322 videtur
1299 290 1408 333 ἄτιμρς
1422 292 1544 324 deesse.
1558 304 1607 330 eo,
1621 294 1703 334 quod
1720 304 1738 324 a
1754 295 1806 332 ju-

1082 334 1166 365 dicio
1181 335 1306 366 domum
1328 336 1422 366 rediit
1443 336 1545 376 capite
1567 337 1713 373 minutus,
1728 337 1807 368 infa-

1082 378 1145 409 mia
1167 383 1306 417 notatus,
1323 381 1395 419 jure
1416 379 1476 411 fori
1497 380 1711 420 frequentandi
1725 382 1806 412 mul-

1082 427 1194 453 ctatus.

1126 467 1151 507 ᾗ.
1167 465 1231 505 Css'.
1254 477 1287 506 p.
1305 468 1380 499 286.
1405 478 1434 498 v.
1453 469 1483 497 1.
1503 466 1553 497 καὶ
1573 466 1631 498 τᾶίν
1653 467 1803 509 κηρυγμά-

1082 521 1139 540 των
1147 512 1205 551 ——]
1231 511 1302 541 Non
1320 521 1362 541 ex
1379 521 1481 542 errore
1504 521 1679 551 operarum,
1695 512 1750 540 sed
1766 522 1803 542 ex

1082 554 1267 594 praescripto
1285 554 1445 594 Stephani,
1461 554 1577 595 legitur
1588 555 1619 585 in
1634 555 1701 593 ejus
1714 554 1806 585 editi-

1082 607 1141 628 one
1160 599 1332 639 κτνμάτων,
1347 599 1622 639 [πο-κηρυγμάτων,
1638 609 1707 639 quae
1730 608 1805 628 vera

1083 646 1131 672 est
1156 641 1264 678 lectio,
1290 642 1461 681 meritoque
1484 652 1502 672 a
1528 642 1650 672 Wolfio
1673 645 1805 672 retenta.

1082 686 1173 723 Quod
1188 686 1340 716 Bernardi
1352 685 1432 716 liber
1444 686 1598 726 Stephano
1608 685 1806 724 suffragatur,

1082 727 1114 758 id
1137 729 1225 759 nihili
1249 734 1307 760 est.
1353 729 1447 767 Quod
1471 740 1554 769 saepe
1580 729 1666 766 dico,
1689 728 1804 758 notulae

1081 772 1143 802 illae
1158 773 1261 804 codici
1277 773 1432 803 Bernardi
1447 773 1624 813 adscriptae,
1638 782 1698 802 non
1714 771 1806 801 lecti-

1082 826 1156 846 ones
1178 821 1247 847 sunt
1270 826 1288 846 e
1308 816 1397 847 bonis
1420 816 1511 847 libris
1538 816 1669 847 vetustis
1691 815 1807 856 ductae,

1082 860 1135 890 sed
1153 870 1245 890 merae
1262 862 1461 900 conjecturae,
1473 870 1526 890 seu
1540 858 1706 899 Scaligefi,
1717 859 1807 898 cujus

1083 903 1226 934 (licuntur
1236 914 1317 940 esse,
1329 914 1384 934 sen
1395 905 1606 943 cujuscunque
1617 903 1705 933 alius.
1730 903 1807 932 Ber-

1081 948 1209 984 nardus‚
1232 958 1289 977 seu
1311 948 1488 987 quicunque
1510 947 1591 977 alius
1612 947 1701 976 illum
1720 945 1807 975 codi-

1082 1001 1150 1021 cem
1164 991 1280 1022 notulis
1294 991 1455 1027 distinxit,
1467 994 1522 1021 aut
1537 1000 1578 1021 ex
1593 989 1663 1030 ipsa
1675 988 1809 1029 Stepha-

1082 1035 1111 1064 ni
1123 1035 1261 1065 editione
1274 1035 1331 1065 hoc
1344 1034 1506 1075 κτημάτων
1517 1032 1733 1065 transsumsit:
1757 1031 1808 1072 (in

1082 1089 1142 1118 quo
1154 1079 1182 1108 ni
1196 1078 1298 1114 fallor,
1308 1078 1408 1119 liquet
1421 1077 1490 1108 illas
1502 1078 1626 1108 notulas
1639 1074 1808 1107 Bernardi-

1081 1132 1120 1153 no
1136 1122 1238 1152 codici
1254 1126 1328 1162 post
1344 1122 1462 1152 editum
1478 1132 1496 1151 a
1511 1121 1669 1161 Stephano
1692 1129 1807 1158 corpus

1080 1169 1235 1196 oratorum
1267 1167 1447 1196 Graecorum
1477 1164 1601 1194 demum
1630 1163 1808 1202 adscriptas

1081 1219 1151 1240 esse
1163 1208 1190 1251 :)
1213 1213 1265 1240 aut
1277 1210 1449 1250 Stephanus
1458 1212 1490 1238 et
1500 1208 1644 1247 Scaliger
1659 1206 1703 1248 (si
1720 1207 1747 1237 is
1759 1209 1809 1236 est

1080 1258 1188 1283 auctor
1210 1253 1332 1283 illarum
1356 1250 1549 1294 notularum)
1575 1262 1616 1282 ex
1638 1259 1701 1280 uno
1723 1259 1810 1280 com-

1079 1296 1165 1326 muni
1192 1297 1273 1326 fonte
1302 1298 1482 1332 hauserunt,
1512 1306 1529 1326 e
1555 1293 1810 1335 praelectionibus

1080 1339 1147 1369 sive
1163 1338 1311 1375 Turnebi,
1334 1339 1403 1369 sive
1427 1338 1549 1370 Durati.
1596 1337 1691 1375 Quod
1714 1337 1741 1367 si
1765 1335 1811 1367 ita

1079 1387 1140 1418 est,
1152 1382 1242 1412 ambo
1259 1382 1360 1412 aliena
1370 1381 1431 1412 sibi
1444 1385 1640 1421 arrogarunt.
1656 1381 1740 1420 quod
1756 1390 1812 1410 ve-

1080 1435 1152 1455 reor
1169 1435 1206 1455 ne
1222 1424 1318 1455 nimis
1339 1435 1422 1465 saepe
1440 1425 1555 1454 factum
1573 1424 1625 1454 sit.
1671 1425 1721 1454 De
1739 1424 1809 1453 Ste-

1082 1468 1174 1508 phani
1190 1468 1328 1508 quidem,
1343 1478 1444 1508 neque
1458 1467 1610 1508 Scaligeri
1622 1467 1739 1502 minus,
1756 1477 1810 1498 va-

1081 1513 1189 1549 nitate,
1203 1511 1390 1552 arrogantia,
1402 1521 1478 1551 erga
1491 1511 1569 1541 alios
1584 1510 1765 1546 invidentia,
1778 1514 1811 1541 et

1081 1555 1289 1592 aemulatione,
1305 1555 1501 1586 obtrectandi
1516 1554 1659 1591 libidine,
1675 1559 1707 1584 et
1719 1552 1810 1583 furti·

1065 1611 1067 1613 ¹
1080 1609 1122 1630 va
1135 1599 1307 1639 cupiditate
1318 1599 1427 1629 laudes
1440 1599 1558 1629 alienas
1570 1598 1601 1628 in
1618 1608 1652 1628 se
1664 1597 1808 1628 derivan-

1082 1642 1114 1672 di
1139 1642 1215 1673 satis
1238 1642 1320 1673 inter
1343 1652 1449 1672 omnes
1472 1647 1615 1680 constat3
1645 1646 1716 1672 uta
1732 1651 1808 1672 vero

1080 1685 1163 1716 haud
1179 1686 1356 1722 abhorreat,
1370 1696 1426 1716 eos
1449 1686 1558 1716 ambos
1581 1696 1622 1715 ex
1645 1684 1811 1724 magistro-

1080 1740 1149 1760 rum
1167 1730 1247 1760 adeo
1263 1728 1348 1769 agris
1359 1738 1575 1769 nonnunquam
1587 1729 1711 1768 praedas
1726 1728 1810 1768 egis·-

1080 1784 1126 1803 se.
1172 1773 1234 1803 Sed
1250 1778 1320 1803 esto
1343 1773 1401 1804 hac
1421 1773 1461 1803 de
1483 1783 1519 1802 re
1541 1772 1698 1802 statuendi
1719 1781 1810 1802 suum

1081 1816 1193 1855 cuique
1209 1816 1384 1847 arbitrium.
1430 1816 1482 1846 Ad
1507 1826 1572 1846 rem
1587 1815 1694 1846 redeo.
1715 1825 1809 1857 παρει-

1080 1858 1228 1900 διόρθωσις
1243 1859 1297 1889 illa
1316 1865 1376 1896 est,
1401 1859 1469 1890 sive
1490 1858 1651 1898 Stephani,
1670 1858 1738 1889 sive
1757 1869 1811 1889 cu-

1076 1902 1254 1943 juscunque
1270 1904 1406 1939 tandem,
1423 1912 1492 1941 quae
1509 1902 1670 1942 κτημάτων
1688 1912 1746 1942 pro
1761 1912 1811 1933 κη-

1081 1946 1238 1985 ρυγμάτων
1253 1945 1377 1976 sufficit.
1421 1945 1510 1976 Nihil
1527 1955 1587 1985 ego
1602 1945 1688 1975 aliud
1710 1945 1742 1976 in
1764 1945 1814 1976 le-

1082 1989 1185 2018 ctione
1200 1988 1324 2019 Aldinae
1339 1988 1471 2025 mutavi,
1485 1993 1692 2028 praeterquam
1703 1988 1810 2029 ὥσπερ.

1083 2032 1157 2062 Hoc
1173 2031 1306 2071 primum
1319 2033 1350 2063 in
1366 2034 1430 2063 duo
1443 2032 1594 2063 vocabula
1609 2033 1646 2068 ὣς
1660 2032 1730 2072 περὶ
1747 2032 1812 2062 dis·

1084 2075 1205 2115 pescui,
1229 2076 1343 2106 deinde
1366 2075 1398 2106 iu
1423 2075 1517 2106 alium
1540 2076 1643 2106 locum
1667 2081 1810 2115 transpo-

1085 2118 1145 2155 sui,
1163 2123 1197 2149 ut
1211 2118 1318 2150 videre
1335 2123 1394 2150 est.
1410 2129 1471 2158 quo
1493 2120 1560 2150 haec
1580 2124 1717 2159 emergat
1740 2130 1810 2149 sen-

1085 2161 1193 2198 tentia,
1213 2173 1306 2202 qnam
1328 2162 1501 2193 intendisse
1524 2167 1618 2203 atque
1640 2163 1808 2202 reliquisse

1085 2205 1211 2236 videtur
1225 2210 1338 2237 orator.
1367 2205 1473 2236 Jubete
1486 2215 1566 2242 eum,
1575 2206 1729 2237 verbm-um
1740 2217 1811 2247 qno-

1084 2259 1139 2290 que
1153 2259 1274 2280 suorum
1289 2250 1443 2280 evit-tiones
1456 2249 1569 2292 referre
1583 2250 1623 2280 ad
1645 2251 1737 2281 vitam
1752 2250 1810 2281 illa

1083 2293 1238 2323 verborum
1253 2292 1476 2334 magnificentia
1489 2294 1625 2334 dignam,
1637 2300 1672 2325 ut
1687 2294 1724 2324 de
1732 2304 1811 2333 prte-

1083 2336 1252 2377 coniisfieri
1261 2337 1328 2367 vult
1343 2337 1396 2367 lex.
1409 2337 1439 2366 h.
1449 2346 1477 2367 e.
1491 2336 1643 2378 imperate
1655 2336 1697 2373 ei,
1709 2341 1744 2367 ut
1755 2337 1810 2368 de-

1082 2384 1246 2417 monstret,
1275 2380 1371 2410 vitam
1398 2389 1417 2409 a
1441 2390 1475 2410 se
1497 2384 1595 2410 actam
1617 2380 1809 2420 respondere

1082 2423 1241 2462 gravitati,
1263 2426 1296 2453 et
1318 2423 1479 2464 splendori
1501 2423 1649 2454 orationis
1664 2434 1741 2460 suae,
1758 2423 1809 2454 vel

1079 2466 1239 2506 jaetantiae
1255 2466 1371 2508 potius,
1387 2477 1521 2507 veraque
1536 2467 1589 2497 illa
1604 2467 1708 2497 omnia
1723 2478 1808 2503 esse,

1083 2520 1153 2550 quae
1176 2510 1217 2540 de
1242 2520 1275 2540 se
1300 2509 1462 2551 praedicet.
1486 2511 1758 2550 quemadmodum,
1780 2510 1809 2541 si

1082 2554 1152 2593 quis
1168 2563 1293 2584 servum
1308 2558 1363 2584 aut
1381 2555 1518 2590 domum,
1539 2553 1658 2590 villam,
1679 2554 1808 2585 aliudve

1083 2597 1171 2636 quid,
1186 2607 1244 2636 per
1259 2607 1369 2628 vocem
1388 2597 1544 2637 praeconis
1562 2597 1689 2634 vendat,
1708 2598 1761 2628 lex
1777 2596 1809 2628 ei

1083 2640 1228 2681 injungit,
1238 2646 1274 2670 ut
1286 2640 1397 2671 emtori
1412 2641 1574 2671 veritatem
1587 2651 1695 2671 eorum
1708 2641 1807 2672 omni·

1084 2694 1146 2721 nm,
1162 2694 1232 2724 quae
1247 2693 1350 2723 praeco
1365 2683 1539 2715 venditoris
1555 2684 1626 2715 loco
1641 2689 1735 2724 atque
1750 2695 1806 2714 no-

1084 2727 1166 2757 mine
1202 2726 1422 2767 praedicaverit
1458 2732 1550 2768 atque
1589 2728 1806 2768 spoponderit,

1084 2774 1213 2811 praestet
1240 2775 1332 2810 atque
1357 2770 1491 2802 evictam
1518 2772 1573 2802 det
1582 2781 1592 2811 3
1623 2771 1672 2802 sin
1691 2771 1805 2809 minus,

1084 2814 1179 2844 emtio
1191 2814 1399 2845 rescindatur.

1127 2856 1205 2888 ibid.
1227 2868 1257 2887 v.
1278 2859 1330 2888 16.
1354 2856 1610 2899 παγεγηξαξακῶς]
1640 2858 1728 2889 Bene
1752 2857 1805 2888 ha-

1083 2902 1146 2932 bet.
1159 2911 1223 2941 prce
1237 2902 1316 2931 senio
1330 2902 1370 2932 ad
1386 2902 1527 2932 delirium
1539 2911 1589 2931 seu
1604 2901 1805 2941 desipientiam

1083 2945 1229 2984 delapsus.
1252 2946 1331 2986 παρὰ
1352 2943 1387 2976 in
1407 2943 1561 2985 ejusmodi
1576 2944 1803 2985 compositione

1082 2988 1258 3019 discessum
1275 2998 1294 3018 a
1307 2992 1416 3020 natura
1438 2992 1471 3020 et
1492 2999 1511 3019 a
1532 2991 1619 3019 recto
1642 2987 1803 3029 significat.

1082 3031 1312 3075 aeoegaynpe'wnm
1326 3036 1376 3065 est
1390 3032 1434 3064 ita
1449 3040 1625 3069 senescere,
1637 3032 1688 3064 vel
1701 3041 1738 3063 eo
1750 3041 1802 3063 us-
