1916 3340
320 192 432 247 336
508 204 741 248 RfflsKn
773 203 998 248 ΑΝΝΟΤ.
1031 203 1116 246 AD
1149 203 1248 247 on.
1281 204 1333 246 e.
1364 204 1663 249 TIMAROH.

317 298 400 329 inter
419 308 454 329 se
475 297 513 328 de
534 296 762 328 conditionibus
777 301 891 328 mutuae
906 305 1037 326 consue-

317 341 444 371 tudinis.

360 385 386 425 ᾧ.
405 382 459 424 λζ’.
482 394 513 422 p.
529 384 583 415 76.
606 394 637 413 v.
658 386 689 413 1.
711 382 778 423 πςός
797 383 854 415 τὰς
876 379 1033 422 αἰσχύνας]

318 428 357 457 Id
374 432 422 457 est
437 426 502 467 πρὸς
524 428 589 460 τοὺς
607 426 719 467 αἰσχροὶ
735 424 938 457 πεποιηκότας.
962 434 1034 464 erga

317 480 372 506 eos,
387 472 411 500 si
424 471 475 509 qui
490 471 593 508 turpia
607 476 635 499 et
648 470 806 510 flagitiosa
827 468 1032 497 commiserint.

361 513 387 553 §.
402 513 448 543 λή.
462 524 494 552 p.
510 515 562 543 77.
575 523 605 542 v.
624 518 765 551 antepen.
779 509 1033 551 κατασκευάζετε]

318 556 413 587 Haud
436 556 578 595 equidem
600 556 771 593 improbem
796 554 958 583 lectionem
981 564 1034 581 κα-

319 600 530 635 τασκευάσετε,
545 599 572 628 si
589 599 716 628 codices
733 598 947 627 assentiantur.
972 596 1034 626 Ve-

317 649 488 673 rumtamen
504 642 584 672 haud
601 641 743 680 equidem
761 640 864 675 video,
876 639 950 678 quid
966 650 1033 669 eam

318 686 480 716 admodum
503 685 707 715 necessariam
722 684 824 713 faciat.
857 684 961 720 Quare
981 693 1032 713 ve-

318 735 414 759 terem
429 730 583 767 vulgatam
599 728 629 757 h.
646 728 668 756 l.
681 727 837 756 immotam
853 726 974 766 reliqui.

362 774 459 811 p.78.
482 783 509 801 V.
527 774 557 801 4.
581 770 685 811 καιρὸς]
711 770 906 800 Diuturnitas
931 770 1032 808 impu-

318 815 434 850 nitatis,
450 816 539 853 cujus
553 824 608 843 vos
624 815 708 852 ipsos
724 814 846 844 tandem
862 812 1033 853 poenitebit,

319 870 388 889 cum
405 857 553 887 videbitis
568 857 735 896 supinitate
759 860 851 895 atque
869 856 1032 895 indulgen-

318 903 370 933 tiae
389 900 627 940 intemperantia
642 900 766 935 malum,
782 910 843 930 non
858 899 960 934 leniri,
978 900 1032 928 sed

319 944 508 976 exacerbari.

360 988 436 1018 ibid.
463 998 490 1016 v.
510 989 564 1016 10.
584 986 690 1027 αὐτῶν]
728 988 811 1016 Bene
836 986 939 1016 habet.
977 985 1032 1015 Ti-

317 1030 432 1064 marchi
451 1034 527 1070 puta
549 1030 677 1069 ejusque
695 1029 884 1061 consortium
900 1034 931 1059 et
947 1029 1031 1059 simi-

1070 294 1157 330 lium,
1171 295 1224 334 qui
1245 306 1316 326 sese
1330 296 1454 333 iisdem,
1472 302 1565 339 atque
1579 298 1646 335 ille,
1660 298 1787 339 flagitiis

1071 339 1328 375 contaminabant,
1347 344 1378 369 et
1401 344 1548 379 patronos
1563 352 1685 381 quoque
1701 353 1789 380 suos,

1069 380 1185 420 pariter
1201 386 1292 421 atque
1308 382 1374 417 ille,
1389 382 1552 414 habebant.

1112 424 1187 454 ibid.
1209 435 1239 455 v.
1257 429 1308 456 18.
1332 425 1517 467 ἀκολάστων]
1541 426 1616 456 Fuit
1637 437 1706 457 cum
1732 438 1788 457 ex-

1069 466 1238 497 istimarem
1251 468 1406 507 designari
1419 470 1593 500 turbatores
1602 470 1678 509 reip.
1695 470 1721 499 si
1733 471 1786 509 qui

1069 509 1228 540 seditiosis
1245 512 1435 542 sermonibus
1452 513 1635 542 concionem
1651 523 1785 543 commo-

1070 557 1186 590 verant,
1197 558 1228 583 et
1244 554 1302 584 soli
1314 554 1345 583 in
1358 565 1424 595 rep.
1437 556 1585 586 dominari
1596 555 1788 586 affectarant.

1068 596 1221 634 Quoniam
1235 602 1337 627 autem
1350 599 1415 628 haec
1428 597 1644 638 interpretatio
1658 609 1727 629 cum
1740 599 1787 628 in-

1069 640 1271 678 sequentibus
1290 651 1381 671 versu
1396 644 1448 672 26.
1465 643 1531 677 τοὺς
1546 641 1574 673 δὲ
1589 643 1645 671 τῶν
1659 641 1720 672 νέων
1735 642 1785 672 θε-

1066 685 1211 723 ραπευτὰς
1221 694 1329 723 parum
1341 685 1496 721 convenit,
1509 689 1539 715 et
1549 690 1699 724 praeterea
1708 695 1786 724 prae-

1067 725 1181 765 positio
1204 725 1235 756 ἐκ
1263 728 1363 757 adhuc
1391 728 1473 758 aliud
1503 729 1577 767 quid
1607 728 1786 758 desiderare

1067 769 1204 807 videtur,
1228 771 1368 810 suspicor
1392 782 1472 801 nunc
1488 772 1597 801 deesse
1620 777 1786 802 πεπλουτη-

1066 811 1146 847 κὸτες
1171 819 1242 852 post
1262 813 1401 853 ἀφθόνως.
1426 814 1489 851 Qui
1513 814 1687 853 locupletes
1711 814 1783 843 facti

1067 864 1140 885 sunt
1155 867 1172 886 e
1188 856 1362 895 flagitiosis,
1373 869 1426 887 seu
1439 857 1620 896 impudicis,
1634 862 1663 886 et
1680 867 1716 886 ex
1733 857 1784 892 iis,

1066 900 1119 937 qui
1141 899 1210 928 istis
1230 905 1444 937 consuescunt,
1463 900 1637 939 cujusmodi
1654 905 1723 930 sunt
1739 901 1784 929 le-

1065 952 1171 978 nones,
1189 948 1300 978 scorta,
1325 943 1428 983 coqui,
1453 944 1630 978 histriones,
1644 943 1784 982 hospites

1067 986 1232 1025 popinarii,
1245 997 1392 1026 equorum
1406 992 1437 1018 et
1449 997 1559 1017 canum
1573 986 1785 1017 venaticorum

1066 1039 1243 1070 mangones.

971 1755 1142 1774 ss
