1916 3340
330 186 439 235 338

328 286 467 325 ejusdem
484 286 558 316 tecti
573 297 755 326 mensaeque.

371 330 447 359 ibid.
462 339 491 359 v.
505 332 533 359 6.
551 328 674 371 ἐγγενὴς]
699 329 770 360 Noli
784 330 918 370 Tayloro
935 339 1039 358 assen-

326 373 394 402 tire.
414 373 542 402 multum
557 373 703 404 differunt
718 375 797 404 inter
813 385 845 403 se
860 374 992 411 συγγενῆς
1009 379 1039 402 et

325 414 446 453 ἐγγενής.
484 416 672 455 LipsienseS,
707 417 758 456 qui
789 417 912 456 quidem
947 421 1037 455 gente

325 460 466 488 Saxones
495 459 545 488 vel
573 460 698 489 Misnici
726 465 806 495 sunt,
836 469 941 489 omues
969 464 1038 489 suut

324 502 385 532 mei
409 500 535 540 ἐγγενεῖς.
556 504 688 532 nationis
716 504 795 532 enim
818 513 873 532 nos
898 502 1037 541 ejusdem

325 555 442 574 sumus.
467 556 639 584 perpaucos
667 552 766 575 autem
798 545 912 584 Lipsiae
939 545 1036 575 habeo

323 589 476 626 συγγενεῖς,
488 591 633 630 sanguine
647 599 761 618 mecum
776 591 957 628 conjunctos.
987 590 1036 618 Ne

322 630 391 670 ipse
419 631 542 670 quidem
568 632 794 662 Demosthenes
819 643 851 662 se
877 631 1035 662 AEschinis

322 674 440 704 ferebat
452 677 583 713 συγγενῆ,
597 680 627 704 et
640 676 802 714 puduisset
814 675 937 714 quidem
949 675 1035 704 illum

319 719 372 751 τῆς
392 718 552 755 συγγενείας
575 729 644 748 cum
660 719 733 755 1100;
754 719 971 748 Atheniensem
990 723 1035 747 ta-

320 770 389 791 men
411 767 472 791 tam
495 762 574 791 bouo
592 763 663 800 jure
686 762 788 791 aiebat
804 772 884 797 esse,
902 771 989 801 quam
1010 761 1036 790 si

321 804 374 842 qui
390 804 467 833 alius
487 809 571 834 esset
586 805 714 844 optimo,
735 816 832 844 eoque
845 803 941 843 ἐγγενῆ
957 805 1034 843 ejus,

321 852 352 876 et
370 848 468 876 multo
490 847 582 877 etiam
604 848 712 886 magis,
733 859 822 888 quam
843 848 1035 883 AEschinem,

321 899 412 929 quem
436 891 568 928 negabat
584 891 748 930 ingenuum
765 902 845 921 esse.
869 890 970 921 Nobis
987 896 1035 920 est

319 932 428 971 ἐγγενὴς
438 933 533 964 eodem
544 944 558 963 e
569 936 730 974 municipio
739 935 878 974 populove
889 935 1035 964 nobiseum

318 978 472 1014 oriundus,
484 987 577 1007 unser
591 978 782 1008 Landsmaun
800 978 871 1018 [our
885 977 1035 1017 Country-

317 1020 416 1060 mun}
426 1022 559 1059 συγγενὲς
569 1026 669 1051 autem
679 1027 831 1061 cognatus,
844 1031 935 1050 unser
946 1021 1034 1050 Blut-

319 1070 506 1095 suerwanter
524 1064 595 1104 [nur
612 1063 750 1095 Relaticn
767 1066 802 1105 by
815 1064 924 1105 blood}

362 1106 440 1136 ibid.
464 1119 492 1138 v.
525 1108 575 1136 15.
602 1107 776 1137 καταπτύει
801 1106 971 1148 δωξοδοκίας]
1001 1107 1032 1136 Si

318 1150 516 1181 aecusativus
541 1150 667 1189 pluralis
691 1151 741 1180 hic
770 1155 829 1186 est,
856 1151 960 1180 feram.
986 1151 1034 1180 (Ie-

319 1193 397 1230 spuit
414 1194 445 1222 in
468 1205 518 1224 7105
539 1203 698 1224 munerum
721 1196 941 1232 acceptationes,
957 1194 986 1223 h.
1005 1205 1032 1224 e.

319 1235 582 1267 criminationibus
616 1237 655 1266 de
688 1238 866 1267 muneribus
895 1237 1033 1275 acceptis

319 1289 375 1308 nos
392 1281 544 1320 conspuit.
584 1280 645 1310 Sed
665 1281 786 1310 videtur
801 1280 904 1319 potius
922 1279 1033 1318 geniti-

319 1332 377 1351 vus
392 1322 555 1361 singularis
569 1335 646 1354 esse.
684 1324 775 1360 Quod
792 1324 817 1353 si
829 1328 889 1359 est,
905 1333 1032 1352 necesse

318 1369 376 1400 est,
398 1366 513 1404 aliquid
539 1367 568 1397 h.
585 1368 605 1397 l.
627 1367 810 1402 desiderari,
833 1377 861 1396 e.
879 1377 906 1396 c.
923 1367 959 1399 ὡς
981 1365 1033 1395 ἐνό-

317 1419 396 1448 χους.
421 1410 498 1439 Nam
511 1409 602 1450 ἔνοχος
614 1421 671 1439 non
689 1410 790 1440 minus
803 1421 870 1441 cum
883 1409 1034 1449 genitivo,

318 1462 406 1489 quam
424 1463 493 1482 cum
508 1453 626 1489 dativo,
643 1454 839 1483 construitur.

361 1495 385 1533 ς’.
400 1494 448 1526 ιβ’.
466 1506 495 1534 p.
516 1498 567 1528 95.
583 1507 614 1526 v.
629 1498 658 1526 5.
674 1496 723 1525 καὶ
739 1497 864 1527 καθῆκεν
879 1496 916 1530 εἷς
932 1496 1033 1536 ἦμᾶςὸ

318 1536 407 1574 λόγος.
424 1539 486 1579 καὶ]
511 1539 564 1568 Καὶ
586 1541 754 1570 secundum
770 1550 838 1570 esse
853 1540 1032 1575 delendum¹

318 1580 386 1619 ipse
403 1582 475 1612 mihi
492 1593 613 1622 quoque
630 1584 702 1613 olim
718 1594 942 1623 persuaseram.
970 1584 1032 1613 Sed

318 1624 395 1653 bene
419 1625 511 1655 habet
529 1627 661 1665 vulgata.
678 1628 770 1656 modo
791 1627 852 1657 ista
869 1627 964 1656 verba
983 1626 1031 1656 καὶ

318 1668 358 1696 τὰ
373 1667 427 1705 μὲν
442 1669 480 1697 ad
500 1669 735 1710 ὑπομιμνήσκειν
758 1670 853 1709 signis
869 1670 1032 1709 parenthe-

317 1719 388 1739 seos
414 1711 616 1748 includantur,
638 1718 671 1743 ut
698 1714 769 1743 feei.
795 1719 858 1743 tum
886 1714 1031 1751 apodosis

317 1753 376 1782 erit
399 1755 427 1783 in
445 1755 514 1784 istis
531 1759 637 1797 πρῶτον
651 1755 706 1795 μὲν
728 1759 783 1797 γὰρ
798 1775 840 1779 —
856 1757 909 1786 ubi
926 1759 980 1796 γᾶς
996 1757 1032 1786 il-

314 1796 368 1825 lud
386 1797 541 1836 eleganter
557 1800 718 1835 redundat,
735 1805 768 1829 ut
784 1801 847 1830 fere
865 1810 987 1839 semper
1001 1800 1031 1829 in

315 1838 537 1871 instauratione
561 1843 721 1877 sermonis,
738 1843 879 1882 longiore
900 1843 1029 1881 quadam

314 1881 541 1921 interjectione,
566 1886 617 1915 vel
643 1886 828 1925 parenthesi,
856 1886 1030 1925 intercepti.

317 1925 475 1957 Revocavi
502 1938 574 1967 ergo
593 1929 642 1957 καὶ
659 1934 725 1958 ante
750 1930 874 1958 verbum
897 1928 1030 1959 καθῆκεν.

315 1978 383 1998 nam
407 1970 520 2009 Taylor
536 1972 676 2011 copulam
703 1973 846 2010 ejecerat,
869 1973 918 2001 vel
943 1972 1035 2001 Wolf

317 2012 431 2049 potius,
456 2025 556 2052 quem,
574 2025 656 2054 saepe
672 2015 865 2044 festinatione
886 2020 915 2044 et
930 2016 1030 2053 praeli-

316 2054 418 2084 dentia
434 2056 597 2093 labentem,
614 2058 729 2097 ubique
748 2068 875 2089 securus
891 2059 1029 2097 sequitur

316 2098 492 2130 Britannus.

358 2141 384 2180 ᾗ.
401 2141 447 2180 ιγ’.
463 2154 493 2182 p.
511 2146 562 2175 95.
580 2156 608 2174 v.
623 2147 672 2175 16.
689 2145 800 2186 αὐτοῖς]
826 2147 909 2175 Bene
924 2144 1027 2176 habet.

313 2184 383 2219 illis,
402 2186 543 2225 Amyntae
559 2193 635 2226 puta
660 2193 691 2218 et
708 2189 885 2228 Eurydicae‚
906 2199 1027 2218 eorum-

313 2237 372 2265 que
390 2228 496 2259 liberis
510 2235 542 2260 et
557 2231 710 2261 universae
725 2232 842 2262 domui.
865 2232 954 2261 Vidit
970 2232 1027 2262 hoc

312 2270 402 2300 etiam
421 2272 544 2312 Taylor.

326 2355 333 2361 .
355 2325 388 2352 p.
405 2318 457 2346 96.
477 2326 506 2345 v.
524 2318 553 2347 5.
576 2316 629 2346 υἱὸν
644 2316 799 2349 ἐποιήσατό
816 2318 866 2358 σε]
890 2319 1027 2358 Adopta-

312 2361 410 2387 tiones
426 2360 578 2397 ejusmodi
601 2371 691 2390 merae
713 2366 798 2391 erant
821 2362 1026 2398 caeremoniae,

312 2400 423 2437 quibus
446 2402 509 2437 ille,
527 2403 579 2441 qui
595 2404 724 2433 alterum
746 2405 918 2443 adoptaret,
935 2405 1026 2435 animi

308 2442 355 2471 sui
373 2443 562 2475 voluntatem
579 2447 772 2477 solummodo
793 2458 867 2487 erga
889 2459 958 2478 eum
974 2449 1027 2478 de-

310 2486 457 2517 claratum
474 2488 545 2524 iret,
559 2495 591 2518 ut
605 2490 630 2518 si
643 2490 712 2529 quis
725 2491 815 2520 hodie
831 2501 888 2520 rex
906 2491 1026 2521 taeniam

310 2539 378 2558 cum
393 2530 506 2570 insigni
522 2532 641 2562 ordinis
656 2534 786 2572 alicujus
803 2535 956 2573 equestris
971 2545 1025 2564 no-

310 2571 432 2602 bilioris
448 2575 539 2605 alicui
558 2577 720 2616 appendat.

352 2614 378 2654 ᾗ.
400 2615 442 2647 ιδ’.
464 2628 497 2656 p.
523 2621 576 2649 96.
593 2629 623 2649 v.
642 2621 691 2648 16.
716 2619 782 2659 πρὸς
803 2617 952 2661 Θηέαίους]
976 2622 1024 2651 Ita

309 2663 370 2686 stat
384 2658 413 2688 in
433 2660 530 2697 bivio,
547 2667 581 2691 ut
596 2666 656 2691 tam
674 2663 711 2692 ad
727 2662 926 2703 διαφερομένων
943 2664 1023 2693 trahi

308 2700 430 2738 debeat,
446 2715 535 2742 quam
553 2706 591 2735 ad
605 2705 787 2747 συμμαχίαν
802 2705 964 2737 ἐποιήσατο.
977 2707 1023 2735 ni-

308 2743 470 2776 hilominus
493 2753 593 2778 tamen
621 2750 763 2788 suspicor
787 2759 868 2788 pone
894 2761 1023 2790 συμμα-

306 2785 375 2826 χίαν
389 2788 499 2820 deesse
516 2791 581 2832 πρὸς
595 2792 705 2826 αὐτούς.

350 2830 425 2860 ibid.
443 2844 473 2863 V.
501 2837 553 2864 90.
579 2834 667 2872 λέγων
693 2834 817 2876 διεξῄειν]
855 2835 934 2864 Haec
960 2836 1021 2865 duo

306 2875 456 2905 voeabula
489 2878 675 2916 transposui,
705 2889 763 2908 non
795 2889 855 2917 quo
887 2879 1021 2918 vulgaris

306 2916 383 2944 ordo
418 2918 497 2948 haud
533 2925 616 2950 esset
651 2921 832 2956 tolerabilis,
866 2926 1020 2960 utcunque

306 2957 385 2987 enim
408 2962 557 2999 colloces,
572 2964 741 2994 cohaerebit
762 2964 850 3003 λέγων
871 2975 938 2994 cum
963 2964 1019 3001 δ’τι,

312 3002 364 3030 sed
379 3005 459 3041 quod
478 3006 566 3045 hujus
579 3007 801 3045 collocationis,
815 3018 882 3047 quae
900 3013 1021 3039 senten-

761 195 992 239 REISKII
1026 195 1356 238 ANNOTATA

1075 286 1148 315 tiam
1160 286 1275 316 faceret
1288 286 1469 325 planiorem,
1481 286 1604 317 codices
1616 292 1721 318 essent
1735 298 1789 318 au—

1074 334 1187 359 ctores.

1116 373 1193 402 ibid.
1220 383 1249 402 v.
1266 374 1317 403 23.
1334 371 1507 413 τεύξεσθαι]
1531 373 1610 403 Post
1627 373 1786 413 τεύξεσθαι

1074 416 1184 445 desunt
1200 416 1343 445 nonnulla
1358 417 1397 445 de
1422 416 1566 455 Philippo
1585 417 1690 446 nescio
1710 417 1784 456 quid

1073 459 1111 488 ad
1125 459 1177 488 illa
1194 459 1355 498 superiora
1366 459 1523 490 AEschinis
1539 461 1736 499 obstrepente
1752 466 1783 490 et

1072 507 1217 540 querente
1230 513 1237 539 3
1252 503 1285 531 id
1298 503 1380 541 quod
1396 506 1503 542 aperte
1516 504 1606 533 docet
1620 503 1784 542 insequens

1072 546 1120 575 τὴν
1142 543 1265 575 διαέολῆν
1286 545 1404 576 ταύτην.
1427 546 1510 584 quod
1526 556 1587 586 quo
1608 546 1783 585 praemisso-

1071 598 1137 617 rum
1153 589 1312 624 referatur,
1328 589 1369 618 nil
1389 592 1444 618 est.

1114 632 1190 661 ibid.
1205 643 1234 662 v.
1252 633 1307 662 ult.
1323 630 1392 661 κατ’
1406 631 1508 673 αὐτοῦ]
1539 633 1574 662 ln
1591 632 1690 672 ipsum
1706 632 1781 662 Phi-

1070 674 1199 714 lippum.
1225 675 1392 714 Superiora
1407 676 1485 705 enim
1502 676 1645 715 exempla
1660 676 1782 705 fuerant

1070 717 1182 756 ingrati
1197 718 1288 748 animi
1313 729 1330 748 a
1352 719 1573 749 vetustioribus
1590 719 1780 748 Macedoniae

1069 761 1193 799 regibus
1220 768 1272 791 aut
1293 762 1431 801 tyrannis
1452 773 1524 802 erga
1547 763 1582 792 P.
1602 763 1640 792 A.
1665 763 1781 801 optime

1069 804 1108 833 de
1122 804 1198 842 ipsis
1212 805 1353 834 meritum
1364 805 1574 836 demonstrati.
1600 806 1682 835 Male
1695 805 1787 835 Wolf

1069 847 1155 876 αὐτοῦ
1171 849 1209 877 ad
1224 848 1444 878 Callisthenem
1459 849 1575 879 retulit.
1612 849 1684 878 Huc
1701 849 1781 878 enirn

1070 891 1229 921 referenda
1255 897 1320 921 erat
1346 893 1413 930 ejus
1439 892 1556 929 notula,
1582 902 1685 922 errore
1710 903 1783 931 per—

1070 943 1158 972 quam
1183 935 1278 970 facili,
1295 934 1334 963 ad
1353 935 1449 964 verba
1470 937 1552 973 μετᾶ.
1574 937 1672 966 ταῦτα
1689 946 1781 965 versu

1071 979 1122 1007 13.
1136 977 1243 1013 relata,
1260 977 1374 1006 omissa
1389 978 1495 1007 notula
1506 979 1544 1007 ad
1557 978 1616 1008 ista
1630 979 1782 1008 vocabula

1069 1020 1234 1059 adscripta.
1266 1020 1354 1051 Nihil
1375 1025 1423 1049 est
1446 1021 1584 1060 pronius,
1610 1031 1709 1060 neque
1726 1032 1782 1051 ex-

1069 1064 1251 1099 cusabilius,
1280 1074 1368 1103 quam
1400 1069 1434 1093 ut.
1462 1064 1493 1093 in
1524 1064 1637 1094 notulis
1661 1065 1783 1100 Wolfii,

1069 1107 1180 1145 quibus
1206 1107 1324 1136 numeri
1354 1107 1440 1142 nulli,
1463 1117 1560 1147 neque
1592 1108 1781 1146 paginarum,

1069 1159 1166 1188 neque
1188 1161 1333 1180 versuum
1348 1150 1496 1190 adscripti
1519 1156 1600 1187 snnt,
1615 1151 1645 1180 in
1662 1152 1781 1180 carnifl-

1068 1192 1165 1222 cinam
1194 1193 1423 1232 inquirentium,
1439 1194 1481 1230 ad,
1503 1194 1594 1223 sedes
1617 1204 1687 1224 suas
1714 1195 1782 1224 alli-

1069 1236 1177 1274 gaudis
1193 1237 1317 1266 labaris.
1347 1236 1464 1266 Notula
1480 1236 1533 1266 illa
1548 1237 1653 1267 Wolfii
1670 1247 1686 1266 a
1702 1238 1783 1277 'ray-

1068 1279 1133 1308 loro
1151 1279 1360 1318 praetermissa
1378 1280 1444 1321 (vel
1461 1280 1640 1317 praetervisa
1661 1281 1782 1322 potius)

1067 1321 1133 1351 haec
1151 1328 1208 1353 est.
1248 1326 1269 1339 “
1286 1325 1372 1352 Μετὰ
1393 1324 1491 1352 ταῦτα
1511 1322 1601 1364 εἶπεν]
1622 1322 1703 1353 εἶπον
1718 1324 1781 1363 leg.

1067 1370 1098 1394 et
1121 1366 1161 1395 de
1189 1376 1322 1405 persona
1352 1365 1510 1395 AEschinis
1538 1367 1784 1405 accipiendum.'’

1067 1409 1227 1438 Hactenus
1247 1409 1395 1438 W'olfius.
1426 1409 1534 1438 Sintne
1549 1410 1654 1448 plures
1671 1411 1783 1440 Wolfii

1066 1452 1180 1481 notulae
1197 1452 1263 1491 pari
1280 1452 1383 1487 modo,
1399 1456 1490 1490 atque
1503 1452 1568 1481 haec
1583 1453 1653 1489 fuit,
1668 1463 1685 1482 a
1699 1454 1782 1493 Tay-

1066 1494 1132 1524 loro
1157 1496 1361 1534 praetervisae‚
1380 1505 1437 1524 nec
1461 1506 1512 1530 ne,
1534 1495 1614 1525 haud
1637 1496 1782 1535 equidem

1067 1538 1206 1574 dixerim,
1222 1539 1273 1578 qui
1298 1538 1509 1568 Basileensem
1525 1538 1688 1568 editionem
1711 1550 1780 1569 cum

1065 1582 1238 1620 Taylorana
1250 1583 1329 1612 haud
1344 1581 1537 1611 contulerim.
1561 1581 1705 1612 Viderint
1717 1583 1780 1612 alii.

1067 1625 1104 1654 In
1127 1626 1202 1655 banc
1218 1626 1298 1655 forte
1313 1626 1435 1656 fortuna
1449 1625 1555 1655 incidi.
1587 1624 1720 1665 Φιλίππῳ
1737 1627 1782 1655 le-

1067 1672 1168 1707 gatur,
1185 1680 1222 1698 an
1241 1668 1394 1704 Φιλίππου,
1412 1673 1443 1698 et
1467 1668 1512 1701 sic
1536 1669 1781 1709 interpungatur,

1067 1716 1100 1740 ut
1116 1712 1210 1751 vulgo
1234 1717 1281 1742 est
1306 1713 1544 1751 interpunctum‚
1559 1722 1596 1741 an
1623 1717 1656 1742 ut
1670 1713 1780 1742 ‹Mark-

1068 1754 1139 1784 land
1153 1759 1258 1785 auctor
1270 1756 1339 1791 fuit,
1351 1756 1434 1795 quod
1450 1754 1532 1785 idem
1549 1766 1608 1795 ego
1621 1755 1688 1794 ipse
1705 1766 1781 1795 quo-

1066 1808 1125 1837 que
1139 1799 1303 1838 aliquando
1319 1809 1388 1830 sum
1404 1798 1590 1837 suspicatus,
1603 1809 1681 1828 nunc
1695 1810 1780 1839 pror-

1066 1852 1118 1871 sus
1132 1842 1206 1871 nihil
1219 1842 1368 1872 interesse
1381 1852 1502 1872 censeo.
1531 1845 1663 1872 Secutus
1677 1847 1778 1872 tamen

1065 1895 1132 1914 sum
1167 1886 1305 1915 codicem
1337 1887 1425 1915 bonae
1451 1890 1531 1915 notae
1564 1884 1776 1916 Harleianum.

1065 1927 1192 1967 [Access.
1210 1927 1296 1969 Not.]
1324 1929 1489 1967 Taylorum
1507 1927 1618 1957 erroris
1643 1928 1777 1958 immeri-

1063 1977 1126 2000 tum
1144 1972 1328 2001 insimulavi.
1355 1972 1424 2001 Non
1440 1971 1479 2006 is,
1494 1973 1549 2001 sed
1566 1981 1668 2009 operae
1682 1973 1775 2001 Fran-

1064 2016 1266 2050 cofurtenses,
1286 2015 1317 2044 id
1332 2015 1413 2053 quod
1436 2025 1515 2044 nunc
1531 2016 1652 2045 demum
1671 2015 1776 2051 video,

1063 2058 1196 2088 notulam
1214 2058 1324 2088 Wolfii
1341 2058 1515 2088 omiserant.

1106 2112 1136 2140 p.
1161 2104 1213 2132 97.
1231 2113 1260 2131 v.
1286 2104 1317 2131 4.
1342 2101 1461 2142 ἀνοχὰς]
1486 2102 1524 2131 ld
1548 2106 1596 2131 est
1613 2102 1773 2131 formulam

1061 2144 1160 2175 literis
1176 2145 1385 2184 consignatam
1400 2145 1520 2174 illarum
1533 2144 1736 2174 induciarum.

1104 2188 1181 2217 ibid.
1205 2199 1233 2217 v.
1259 2191 1309 2218 11.
1329 2186 1526 2227 ἐπεμνήσθην]
1551 2188 1664 2217 Nullus
1686 2188 1776 2218 dubi-

1061 2232 1126 2261 tavi
1142 2231 1246 2261 Wolfii
1264 2242 1367 2261 veram
1391 2237 1421 2262 et
1444 2232 1648 2261 necessariam
1673 2242 1776 2261 emen-

1061 2275 1215 2304 dationem
1242 2273 1516 2315 ἐπιμνησθήσομαι,
1535 2275 1573 2304 ab
1589 2274 1658 2313 ipso
1674 2274 1704 2303 in
1728 2280 1772 2304 te-

1061 2323 1147 2348 xtum
1164 2318 1345 2353 immissam,
1361 2323 1392 2348 et
1415 2329 1433 2347 a
1452 2318 1585 2356 Tayloro
1609 2322 1773 2352 servatam,

1060 2360 1216 2390 immotam
1228 2361 1413 2400 relinquere,
1422 2361 1555 2401 Tayloro
1565 2360 1704 2400 quamvis
1716 2361 1772 2390 im-

1060 2405 1210 2443 probante
1225 2408 1257 2434 et
1270 2405 1467 2443 obloquente.

1104 2447 1181 2476 ibid.
1198 2459 1227 2476 v.
1243 2449 1294 2476 14.
1309 2447 1396 2486 κύριος
1411 2447 1460 2488 ὢν]
1484 2447 1561 2477 Cum
1587 2446 1668 2476 liber
1690 2451 1774 2476 esset

1061 2490 1200 2529 suffragii
1217 2491 1263 2520 sui
1281 2491 1397 2520 arbiter
1412 2490 1496 2520 nullo
1510 2494 1606 2525 metu,
1623 2488 1707 2518 nulla
1721 2499 1774 2518 ne-

1060 2534 1205 2563 cessitate
1227 2533 1425 2568 constrictus,
1447 2534 1503 2563 sed
1531 2543 1571 2562 ex
1600 2532 1695 2561 animi
1724 2532 1773 2561 sni

1061 2577 1211 2606 sententia
1232 2576 1411 2615 suffragium
1433 2577 1522 2612 daus,
1541 2585 1695 2614 negansve
1722 2575 1773 2605 cui

1060 2620 1165 2649 vellet.
1586 2641 1588 2645 .

1100 2673 1131 2702 p.
1150 2665 1201 2694 98.
1217 2674 1245 2692 v.
1265 2666 1294 2691 1.
1309 2660 1541 2702 ψηφισαμένους]
1566 2661 1702 2691 Subaudi
1719 2661 1771 2690 αὖ·

1055 2705 1099 2734 τό.
1116 2706 1236 2735 nomina
1256 2715 1372 2740 eorum,
1389 2706 1441 2744 qui
1465 2705 1610 2744 suffragio
1636 2715 1692 2734 suo
1713 2705 1771 2733 hoc

1056 2749 1216 2778 decretum
1233 2748 1375 2778 tulissent
1396 2752 1487 2788 atque
1507 2748 1771 2787 comprobassent.

1097 2791 1174 2821 ibid.
1200 2803 1231 2821 v.
1256 2793 1285 2821 6.
1312 2791 1444 2833 ἀντιποιῇ
1460 2809 1502 2813 ——
1517 2790 1606 2832 ἔχειν]
1631 2792 1718 2820 Bene
1744 2789 1772 2819 si

1053 2834 1146 2864 habet
1160 2833 1393 2875 ἀντιποιῇ,ν31εῖ
1405 2835 1434 2863 Ι]-
1447 2835 1467 2864 l.
1479 2834 1560 2863 idem
1578 2838 1670 2872 atque
1684 2844 1774 2873 προσ-

1055 2878 1137 2918 ποιῇ,
1157 2878 1240 2917 qnod
1266 2877 1293 2906 si
1316 2882 1417 2907 autem
1438 2878 1497 2907 hoc
1518 2875 1574 2906 tibi
1602 2876 1698 2905 sumis
1723 2880 1768 2905 at·

1053 2931 1112 2959 que
1135 2931 1270 2959 arrogaS,
1286 2925 1321 2950 ut
1344 2925 1376 2950 te
1399 2920 1465 2950 aias
1480 2919 1680 2959 Amphipolin
1696 2919 1767 2956 jure

1052 2968 1169 2996 tenere,
1182 2964 1252 2993 ideo
1268 2964 1352 3002 quod
1367 2964 1460 2993 armis
1476 2962 1609 3002 ceperiS‚
1625 2962 1765 2990 concedo

1052 3011 1134 3037 tuam
1151 3017 1232 3043 esse,
1249 3008 1379 3048 jureque
1395 3017 1413 3037 a
1429 3012 1459 3037 te
1475 3005 1573 3037 teneri
1593 3005 1720 3044 optimo,
1738 3003 1764 3034 si
