<?xml version="1.0" encoding="UTF-8"?>
<!DOCTYPE html PUBLIC "-//W3C//DTD XHTML 1.0 Transitional//EN"
    "http://www.w3.org/TR/xhtml1/DTD/xhtml1-transitional.dtd">
<html xmlns="http://www.w3.org/1999/xhtml" xml:lang="en" lang="en">
 <head>
  <title>
</title>
<meta http-equiv="Content-Type" content="text/html;charset=utf-8" />
  <meta name='ocr-system' content='tesseract 3.04.00' />
  <meta name='ocr-capabilities' content='ocr_page ocr_carea ocr_par ocr_line ocrx_word'/>
</head>
<body>
  <div class='ocr_page' id='page_1' title='image "./oratoresatticie12dobs/oratoresatticie12dobs_0059.png"; bbox 0 0 1965 3322; ppageno 0'>
   <div class='ocr_carea' id='block_1_1' title="bbox 534 189 1641 235">
    <p class='ocr_par' dir='ltr' id='par_1_1' title="bbox 534 189 1641 235">
     <span class='ocr_line' id='line_1_1' title="bbox 534 189 1641 235; baseline -0.004 0"><span class='ocrx_word' id='word_1_1' title='bbox 534 192 618 235; x_wconf 91' lang='lat' dir='ltr'>DE</span> <span class='ocrx_word' id='word_1_2' title='bbox 649 190 936 234; x_wconf 83' lang='lat' dir='ltr'><strong>AESCHINE</strong></span> <span class='ocrx_word' id='word_1_3' title='bbox 969 189 1275 232; x_wconf 88' lang='lat' dir='ltr'>ORATORE.</span> <span class='ocrx_word' id='word_1_4' title='bbox 1490 190 1641 232; x_wconf 83' lang='lat' dir='ltr'>xxxvii</span> 
     </span>
    </p>
   </div>
   <div class='ocr_carea' id='block_1_2' title="bbox 178 293 1649 771">
    <p class='ocr_par' dir='ltr' id='par_1_2' title="bbox 178 293 1649 771">
     <span class='ocr_line' id='line_1_2' title="bbox 179 293 1645 349; baseline -0.003 -10"><span class='ocrx_word' id='word_1_5' title='bbox 179 308 218 341; x_wconf 89' lang='lat' dir='ltr'>et</span> <span class='ocrx_word' id='word_1_6' title='bbox 237 301 400 339; x_wconf 78' lang='lat' dir='ltr'>formam</span> <span class='ocrx_word' id='word_1_7' title='bbox 419 298 520 337; x_wconf 85' lang='lat' dir='ltr'>ridet</span> <span class='ocrx_word' id='word_1_8' title='bbox 539 305 578 337; x_wconf 90' lang='lat' dir='ltr'>et</span> <span class='ocrx_word' id='word_1_9' title='bbox 596 299 750 349; x_wconf 85' lang='lat' dir='ltr'>elegans</span> <span class='ocrx_word' id='word_1_10' title='bbox 771 298 914 336; x_wconf 84' lang='lat' dir='ltr'>abusus</span> <span class='ocrx_word' id='word_1_11' title='bbox 934 296 1043 335; x_wconf 86' lang='lat' dir='ltr'>verbi</span> <span class='ocrx_word' id='word_1_12' title='bbox 1061 302 1133 334; x_wconf 82' lang='grc' dir='ltr'>τῶν</span> <span class='ocrx_word' id='word_1_13' title='bbox 1153 295 1317 333; x_wconf 81' lang='grc' dir='ltr'>δικαίων.</span> <span class='ocrx_word' id='word_1_14' title='bbox 1355 293 1456 333; x_wconf 83' lang='lat' dir='ltr'>Item</span> <span class='ocrx_word' id='word_1_15' title='bbox 1472 296 1645 334; x_wconf 85' lang='lat' dir='ltr'>acerbis-</span> 
     </span>
     <span class='ocr_line' id='line_1_3' title="bbox 178 356 1645 413; baseline -0.004 -12"><span class='ocrx_word' id='word_1_16' title='bbox 178 364 274 401; x_wconf 90' lang='lat' dir='ltr'>sima</span> <span class='ocrx_word' id='word_1_17' title='bbox 302 361 550 413; x_wconf 82' lang='lat' dir='ltr'>reprehensio</span> <span class='ocrx_word' id='word_1_18' title='bbox 569 359 771 397; x_wconf 89' lang='lat' dir='ltr'>Timarchi</span> <span class='ocrx_word' id='word_1_19' title='bbox 797 359 837 396; x_wconf 93' lang='lat' dir='ltr'>in</span> <span class='ocrx_word' id='word_1_20' title='bbox 856 358 984 397; x_wconf 89' lang='lat' dir='ltr'>verbis</span> <span class='ocrx_word' id='word_1_21' title='bbox 1009 359 1097 395; x_wconf 74' lang='grc' dir='ltr'>ἀλλ’</span> <span class='ocrx_word' id='word_1_22' title='bbox 1120 356 1173 394; x_wconf 83' lang='grc' dir='ltr'>’έτι</span> <span class='ocrx_word' id='word_1_23' title='bbox 1199 358 1386 410; x_wconf 78' lang='grc' dir='ltr'>χρήσιμος</span> <span class='ocrx_word' id='word_1_24' title='bbox 1413 362 1454 394; x_wconf 91' lang='lat' dir='ltr'>et</span> <span class='ocrx_word' id='word_1_25' title='bbox 1481 357 1645 395; x_wconf 90' lang='lat' dir='ltr'>oratoris</span> 
     </span>
     <span class='ocr_line' id='line_1_4' title="bbox 178 418 1643 475; baseline -0.004 -12"><span class='ocrx_word' id='word_1_26' title='bbox 178 425 413 475; x_wconf 73' lang='lat' dir='ltr'>moderatio,</span> <span class='ocrx_word' id='word_1_27' title='bbox 434 436 521 473; x_wconf 85' lang='lat' dir='ltr'>quae</span> <span class='ocrx_word' id='word_1_28' title='bbox 545 427 708 472; x_wconf 87' lang='lat' dir='ltr'>apparet</span> <span class='ocrx_word' id='word_1_29' title='bbox 728 435 774 459; x_wconf 85' lang='lat' dir='ltr'>ex</span> <span class='ocrx_word' id='word_1_30' title='bbox 804 421 863 459; x_wconf 91' lang='lat' dir='ltr'>his</span> <span class='ocrx_word' id='word_1_31' title='bbox 882 418 933 458; x_wconf 72' lang='grc' dir='ltr'>ὧν</span> <span class='ocrx_word' id='word_1_32' title='bbox 953 422 996 458; x_wconf 83' lang='grc' dir='ltr'>οὺ</span> <span class='ocrx_word' id='word_1_33' title='bbox 1015 418 1205 469; x_wconf 83' lang='grc' dir='ltr'>βούλομαι</span> <span class='ocrx_word' id='word_1_34' title='bbox 1225 420 1272 456; x_wconf 88' lang='grc' dir='ltr'>τὰ</span> <span class='ocrx_word' id='word_1_35' title='bbox 1302 419 1473 468; x_wconf 83' lang='grc' dir='ltr'>ὀνόματα</span> <span class='ocrx_word' id='word_1_36' title='bbox 1502 421 1643 468; x_wconf 79' lang='grc' dir='ltr'>λέγειν.</span> 
     </span>
     <span class='ocr_line' id='line_1_5' title="bbox 179 479 1645 531; baseline -0.006 -6"><span class='ocrx_word' id='word_1_37' title='bbox 179 488 282 525; x_wconf 89' lang='lat' dir='ltr'>Haec</span> <span class='ocrx_word' id='word_1_38' title='bbox 309 486 438 524; x_wconf 90' lang='lat' dir='ltr'>omnia</span> <span class='ocrx_word' id='word_1_39' title='bbox 458 485 557 522; x_wconf 88' lang='lat' dir='ltr'>hanc</span> <span class='ocrx_word' id='word_1_40' title='bbox 578 484 837 521; x_wconf 81' lang='lat' dir='ltr'>narrationem</span> <span class='ocrx_word' id='word_1_41' title='bbox 868 481 1040 520; x_wconf 89' lang='lat' dir='ltr'>reddunt</span> <span class='ocrx_word' id='word_1_42' title='bbox 1060 479 1320 531; x_wconf 85' lang='lat' dir='ltr'>perspicuam,</span> <span class='ocrx_word' id='word_1_43' title='bbox 1341 485 1531 529; x_wconf 90' lang='lat' dir='ltr'>apertam,</span> <span class='ocrx_word' id='word_1_44' title='bbox 1553 493 1645 530; x_wconf 89' lang='lat' dir='ltr'>pro-</span> 
     </span>
     <span class='ocr_line' id='line_1_6' title="bbox 180 541 1649 596; baseline -0.004 -10"><span class='ocrx_word' id='word_1_45' title='bbox 180 547 363 593; x_wconf 89' lang='lat' dir='ltr'>babilem,</span> <span class='ocrx_word' id='word_1_46' title='bbox 394 553 580 585; x_wconf 89' lang='lat' dir='ltr'>moratam</span> <span class='ocrx_word' id='word_1_47' title='bbox 615 552 654 584; x_wconf 89' lang='lat' dir='ltr'>et</span> <span class='ocrx_word' id='word_1_48' title='bbox 682 544 914 596; x_wconf 87' lang='lat' dir='ltr'>jucundam.</span> <span class='ocrx_word' id='word_1_49' title='bbox 970 544 1066 580; x_wconf 88' lang='lat' dir='ltr'><strong>Post</strong></span> <span class='ocrx_word' id='word_1_50' title='bbox 1099 542 1168 580; x_wconf 91' lang='lat' dir='ltr'>has</span> <span class='ocrx_word' id='word_1_51' title='bbox 1202 547 1280 579; x_wconf 89' lang='lat' dir='ltr'>tam</span> <span class='ocrx_word' id='word_1_52' title='bbox 1311 541 1468 592; x_wconf 88' lang='lat' dir='ltr'>pulcras</span> <span class='ocrx_word' id='word_1_53' title='bbox 1505 547 1543 579; x_wconf 89' lang='lat' dir='ltr'>et</span> <span class='ocrx_word' id='word_1_54' title='bbox 1574 542 1649 580; x_wconf 89' lang='lat' dir='ltr'>ele-</span> 
     </span>
     <span class='ocr_line' id='line_1_7' title="bbox 180 603 1647 661; baseline -0.005 -13"><span class='ocrx_word' id='word_1_55' title='bbox 180 616 314 661; x_wconf 85' lang='lat' dir='ltr'>gantes</span> <span class='ocrx_word' id='word_1_56' title='bbox 332 608 571 647; x_wconf 85' lang='lat' dir='ltr'>narrationes</span> <span class='ocrx_word' id='word_1_57' title='bbox 593 606 834 658; x_wconf 89' lang='lat' dir='ltr'>superfluum</span> <span class='ocrx_word' id='word_1_58' title='bbox 851 606 952 644; x_wconf 87' lang='lat' dir='ltr'>foret</span> <span class='ocrx_word' id='word_1_59' title='bbox 972 604 1118 643; x_wconf 87' lang='lat' dir='ltr'>addere</span> <span class='ocrx_word' id='word_1_60' title='bbox 1138 603 1248 654; x_wconf 84' lang='lat' dir='ltr'>alias,</span> <span class='ocrx_word' id='word_1_61' title='bbox 1268 603 1412 654; x_wconf 86' lang='lat' dir='ltr'>eligere</span> <span class='ocrx_word' id='word_1_62' title='bbox 1432 616 1525 641; x_wconf 89' lang='lat' dir='ltr'>vero</span> <span class='ocrx_word' id='word_1_63' title='bbox 1545 616 1647 654; x_wconf 88' lang='lat' dir='ltr'>prae-</span> 
     </span>
     <span class='ocr_line' id='line_1_8' title="bbox 182 665 1647 713; baseline -0.004 -4"><span class='ocrx_word' id='word_1_64' title='bbox 182 672 383 710; x_wconf 89' lang='lat' dir='ltr'>stantiores</span> <span class='ocrx_word' id='word_1_65' title='bbox 400 669 686 709; x_wconf 89' lang='lat' dir='ltr'>difficillimum.</span> <span class='ocrx_word' id='word_1_66' title='bbox 726 668 901 707; x_wconf 89' lang='lat' dir='ltr'>Tametsi</span> <span class='ocrx_word' id='word_1_67' title='bbox 922 667 1024 706; x_wconf 89' lang='lat' dir='ltr'>enim</span> <span class='ocrx_word' id='word_1_68' title='bbox 1046 672 1135 705; x_wconf 88' lang='lat' dir='ltr'>sunt</span> <span class='ocrx_word' id='word_1_69' title='bbox 1153 665 1329 713; x_wconf 84' lang='lat' dir='ltr'>diversae,</span> <span class='ocrx_word' id='word_1_70' title='bbox 1349 665 1568 704; x_wconf 86' lang='lat' dir='ltr'>laudabiles</span> <span class='ocrx_word' id='word_1_71' title='bbox 1589 670 1647 703; x_wconf 90' lang='lat' dir='ltr'>ta-</span> 
     </span>
     <span class='ocr_line' id='line_1_9' title="bbox 182 745 431 771; baseline 0 0"><span class='ocrx_word' id='word_1_72' title='bbox 182 745 269 771; x_wconf 89' lang='lat' dir='ltr'>men</span> <span class='ocrx_word' id='word_1_73' title='bbox 284 745 431 771; x_wconf 74' lang='lat' dir='ltr'>omnes,</span> 
     </span>
    </p>
   </div>
   <div class='ocr_carea' id='block_1_3' title="bbox 729 851 1088 895">
    <p class='ocr_par' dir='ltr' id='par_1_3' title="bbox 729 851 1088 895">
     <span class='ocr_line' id='line_1_10' title="bbox 729 851 1088 895; baseline 0.006 -2"><span class='ocrx_word' id='word_1_74' title='bbox 729 851 760 893; x_wconf 95' lang='lat' dir='ltr'>S</span> <span class='ocrx_word' id='word_1_75' title='bbox 784 852 823 893; x_wconf 91' lang='lat' dir='ltr'><strong>E</strong></span> <span class='ocrx_word' id='word_1_76' title='bbox 845 851 957 894; x_wconf 87' lang='lat' dir='ltr'>CT.</span> <span class='ocrx_word' id='word_1_77' title='bbox 1004 852 1088 895; x_wconf 89' lang='lat' dir='ltr'>IV.</span> 
     </span>
    </p>
   </div>
   <div class='ocr_carea' id='block_1_4' title="bbox 741 969 1084 1020">
    <p class='ocr_par' dir='ltr' id='par_1_4' title="bbox 741 969 1084 1020">
     <span class='ocr_line' id='line_1_11' title="bbox 741 969 1084 1020; baseline -0.003 -13"><span class='ocrx_word' id='word_1_78' title='bbox 741 969 807 1007; x_wconf 87' lang='lat' dir='ltr'>De</span> <span class='ocrx_word' id='word_1_79' title='bbox 826 969 1084 1020; x_wconf 78' lang='lat' dir='ltr'>argumentis.</span> 
     </span>
    </p>
   </div>
   <div class='ocr_carea' id='block_1_5' title="bbox 181 1043 1657 3029">
    <p class='ocr_par' dir='ltr' id='par_1_5' title="bbox 181 1043 1657 3029">
     <span class='ocr_line' id='line_1_12' title="bbox 234 1043 1649 1100; baseline -0.005 -12"><span class='ocrx_word' id='word_1_80' title='bbox 234 1050 290 1088; x_wconf 87' lang='lat' dir='ltr'>Ut</span> <span class='ocrx_word' id='word_1_81' title='bbox 320 1049 380 1096; x_wconf 92' lang='lat' dir='ltr'>iis,</span> <span class='ocrx_word' id='word_1_82' title='bbox 401 1062 491 1100; x_wconf 86' lang='lat' dir='ltr'>quae</span> <span class='ocrx_word' id='word_1_83' title='bbox 521 1049 571 1087; x_wconf 88' lang='lat' dir='ltr'>ab</span> <span class='ocrx_word' id='word_1_84' title='bbox 600 1054 755 1087; x_wconf 90' lang='lat' dir='ltr'>oratore</span> <span class='ocrx_word' id='word_1_85' title='bbox 779 1048 977 1093; x_wconf 88' lang='lat' dir='ltr'>dicuntur,</span> <span class='ocrx_word' id='word_1_86' title='bbox 1005 1047 1165 1085; x_wconf 86' lang='lat' dir='ltr'>auditor</span> <span class='ocrx_word' id='word_1_87' title='bbox 1193 1045 1307 1083; x_wconf 89' lang='lat' dir='ltr'>fidem</span> <span class='ocrx_word' id='word_1_88' title='bbox 1335 1044 1492 1091; x_wconf 92' lang='lat' dir='ltr'>habeat,</span> <span class='ocrx_word' id='word_1_89' title='bbox 1525 1043 1649 1082; x_wconf 90' lang='lat' dir='ltr'>tribus</span> 
     </span>
     <span class='ocr_line' id='line_1_13' title="bbox 183 1106 1651 1158; baseline -0.004 -9"><span class='ocrx_word' id='word_1_90' title='bbox 183 1111 309 1149; x_wconf 89' lang='lat' dir='ltr'>modis</span> <span class='ocrx_word' id='word_1_91' title='bbox 330 1111 506 1149; x_wconf 88' lang='lat' dir='ltr'>efficitur.</span> <span class='ocrx_word' id='word_1_92' title='bbox 563 1110 715 1147; x_wconf 88' lang='lat' dir='ltr'>Etenim</span> <span class='ocrx_word' id='word_1_93' title='bbox 744 1110 900 1148; x_wconf 86' lang='lat' dir='ltr'>auditor</span> <span class='ocrx_word' id='word_1_94' title='bbox 919 1123 999 1148; x_wconf 87' lang='lat' dir='ltr'>rem</span> <span class='ocrx_word' id='word_1_95' title='bbox 1020 1121 1151 1147; x_wconf 89' lang='lat' dir='ltr'>veram</span> <span class='ocrx_word' id='word_1_96' title='bbox 1180 1113 1305 1158; x_wconf 90' lang='lat' dir='ltr'>putat,</span> <span class='ocrx_word' id='word_1_97' title='bbox 1326 1106 1387 1144; x_wconf 90' lang='lat' dir='ltr'>vel</span> <span class='ocrx_word' id='word_1_98' title='bbox 1416 1106 1651 1157; x_wconf 86' lang='lat' dir='ltr'>argumentis</span> 
     </span>
     <span class='ocr_line' id='line_1_14' title="bbox 182 1168 1651 1223; baseline -0.002 -14"><span class='ocrx_word' id='word_1_99' title='bbox 182 1179 322 1218; x_wconf 87' lang='lat' dir='ltr'>motus,</span> <span class='ocrx_word' id='word_1_100' title='bbox 345 1173 407 1210; x_wconf 92' lang='lat' dir='ltr'>vel</span> <span class='ocrx_word' id='word_1_101' title='bbox 429 1173 517 1223; x_wconf 87' lang='lat' dir='ltr'>quia</span> <span class='ocrx_word' id='word_1_102' title='bbox 538 1172 710 1223; x_wconf 88' lang='lat' dir='ltr'>aliquam</span> <span class='ocrx_word' id='word_1_103' title='bbox 731 1172 781 1210; x_wconf 92' lang='lat' dir='ltr'>de</span> <span class='ocrx_word' id='word_1_104' title='bbox 802 1172 974 1210; x_wconf 89' lang='lat' dir='ltr'>moribus</span> <span class='ocrx_word' id='word_1_105' title='bbox 994 1170 1160 1209; x_wconf 83' lang='lat' dir='ltr'>dicentis</span> <span class='ocrx_word' id='word_1_106' title='bbox 1188 1169 1412 1220; x_wconf 89' lang='lat' dir='ltr'>opinionem</span> <span class='ocrx_word' id='word_1_107' title='bbox 1432 1169 1570 1220; x_wconf 78' lang='lat' dir='ltr'>habet,</span> <span class='ocrx_word' id='word_1_108' title='bbox 1590 1168 1651 1206; x_wconf 89' lang='lat' dir='ltr'>vel</span> 
     </span>
     <span class='ocr_line' id='line_1_15' title="bbox 182 1230 1652 1285; baseline -0.003 -12"><span class='ocrx_word' id='word_1_109' title='bbox 182 1235 274 1285; x_wconf 92' lang='lat' dir='ltr'>quia</span> <span class='ocrx_word' id='word_1_110' title='bbox 304 1234 440 1285; x_wconf 90' lang='lat' dir='ltr'>aliquo</span> <span class='ocrx_word' id='word_1_111' title='bbox 470 1234 589 1272; x_wconf 92' lang='lat' dir='ltr'>modo</span> <span class='ocrx_word' id='word_1_112' title='bbox 619 1239 681 1272; x_wconf 91' lang='lat' dir='ltr'>est</span> <span class='ocrx_word' id='word_1_113' title='bbox 706 1234 886 1272; x_wconf 86' lang='lat' dir='ltr'>affectus.</span> <span class='ocrx_word' id='word_1_114' title='bbox 942 1234 1046 1283; x_wconf 90' lang='lat' dir='ltr'>Ergo</span> <span class='ocrx_word' id='word_1_115' title='bbox 1076 1232 1246 1283; x_wconf 87' lang='lat' dir='ltr'>primum</span> <span class='ocrx_word' id='word_1_116' title='bbox 1278 1237 1337 1270; x_wconf 89' lang='lat' dir='ltr'>est</span> <span class='ocrx_word' id='word_1_117' title='bbox 1356 1230 1570 1269; x_wconf 88' lang='lat' dir='ltr'>dicendum</span> <span class='ocrx_word' id='word_1_118' title='bbox 1601 1230 1652 1269; x_wconf 89' lang='lat' dir='ltr'>de</span> 
     </span>
     <span class='ocr_line' id='line_1_16' title="bbox 181 1293 1654 1347; baseline -0.003 -13"><span class='ocrx_word' id='word_1_119' title='bbox 181 1296 431 1347; x_wconf 85' lang='lat' dir='ltr'>argumentis,</span> <span class='ocrx_word' id='word_1_120' title='bbox 452 1295 594 1334; x_wconf 89' lang='lat' dir='ltr'>deinde</span> <span class='ocrx_word' id='word_1_121' title='bbox 625 1295 674 1334; x_wconf 90' lang='lat' dir='ltr'>de</span> <span class='ocrx_word' id='word_1_122' title='bbox 705 1296 892 1342; x_wconf 88' lang='lat' dir='ltr'>moribus,</span> <span class='ocrx_word' id='word_1_123' title='bbox 916 1295 1087 1346; x_wconf 86' lang='lat' dir='ltr'>denique</span> <span class='ocrx_word' id='word_1_124' title='bbox 1115 1294 1165 1332; x_wconf 92' lang='lat' dir='ltr'>de</span> <span class='ocrx_word' id='word_1_125' title='bbox 1195 1293 1419 1333; x_wconf 87' lang='lat' dir='ltr'>affectibus.</span> <span class='ocrx_word' id='word_1_126' title='bbox 1475 1293 1522 1330; x_wconf 93' lang='lat' dir='ltr'>In</span> <span class='ocrx_word' id='word_1_127' title='bbox 1543 1305 1654 1343; x_wconf 88' lang='lat' dir='ltr'>argu-</span> 
     </span>
     <span class='ocr_line' id='line_1_17' title="bbox 181 1356 1652 1406; baseline -0.002 -10"><span class='ocrx_word' id='word_1_128' title='bbox 181 1358 322 1397; x_wconf 88' lang='lat' dir='ltr'>mentis</span> <span class='ocrx_word' id='word_1_129' title='bbox 344 1359 439 1396; x_wconf 89' lang='lat' dir='ltr'>nihil</span> <span class='ocrx_word' id='word_1_130' title='bbox 457 1358 531 1396; x_wconf 93' lang='lat' dir='ltr'>nisi</span> <span class='ocrx_word' id='word_1_131' title='bbox 551 1358 825 1396; x_wconf 84' lang='lat' dir='ltr'>tractationem</span> <span class='ocrx_word' id='word_1_132' title='bbox 847 1356 1195 1396; x_wconf 89' lang='lat' dir='ltr'>considerabimus.</span> <span class='ocrx_word' id='word_1_133' title='bbox 1244 1356 1333 1394; x_wconf 93' lang='lat' dir='ltr'>Hoc</span> <span class='ocrx_word' id='word_1_134' title='bbox 1353 1356 1458 1394; x_wconf 89' lang='lat' dir='ltr'>enim</span> <span class='ocrx_word' id='word_1_135' title='bbox 1482 1360 1542 1393; x_wconf 89' lang='lat' dir='ltr'>est</span> <span class='ocrx_word' id='word_1_136' title='bbox 1561 1367 1652 1406; x_wconf 90' lang='lat' dir='ltr'>pro-</span> 
     </span>
     <span class='ocr_line' id='line_1_18' title="bbox 181 1417 1654 1471; baseline -0.003 -12"><span class='ocrx_word' id='word_1_137' title='bbox 181 1421 306 1471; x_wconf 88' lang='lat' dir='ltr'>prium</span> <span class='ocrx_word' id='word_1_138' title='bbox 327 1421 485 1460; x_wconf 89' lang='lat' dir='ltr'>oratori.</span> <span class='ocrx_word' id='word_1_139' title='bbox 544 1421 712 1471; x_wconf 88' lang='lat' dir='ltr'>Reliqua</span> <span class='ocrx_word' id='word_1_140' title='bbox 733 1420 953 1459; x_wconf 88' lang='lat' dir='ltr'>communia</span> <span class='ocrx_word' id='word_1_141' title='bbox 974 1433 1063 1458; x_wconf 89' lang='lat' dir='ltr'>cum</span> <span class='ocrx_word' id='word_1_142' title='bbox 1084 1418 1229 1458; x_wconf 89' lang='lat' dir='ltr'>multis.</span> <span class='ocrx_word' id='word_1_143' title='bbox 1275 1419 1380 1457; x_wconf 90' lang='lat' dir='ltr'>Nam</span> <span class='ocrx_word' id='word_1_144' title='bbox 1400 1425 1440 1457; x_wconf 89' lang='lat' dir='ltr'>et</span> <span class='ocrx_word' id='word_1_145' title='bbox 1456 1417 1654 1456; x_wconf 88' lang='lat' dir='ltr'>dialectici</span> 
     </span>
     <span class='ocr_line' id='line_1_19' title="bbox 181 1479 1655 1534; baseline -0.003 -13"><span class='ocrx_word' id='word_1_146' title='bbox 181 1484 231 1521; x_wconf 87' lang='lat' dir='ltr'>de</span> <span class='ocrx_word' id='word_1_147' title='bbox 250 1483 488 1534; x_wconf 85' lang='lat' dir='ltr'>argumentis</span> <span class='ocrx_word' id='word_1_148' title='bbox 504 1483 755 1534; x_wconf 79' lang='lat' dir='ltr'>praecipiunt,</span> <span class='ocrx_word' id='word_1_149' title='bbox 776 1488 816 1521; x_wconf 93' lang='lat' dir='ltr'>et</span> <span class='ocrx_word' id='word_1_150' title='bbox 837 1482 1002 1533; x_wconf 88' lang='lat' dir='ltr'>quilibet</span> <span class='ocrx_word' id='word_1_151' title='bbox 1017 1482 1055 1519; x_wconf 90' lang='lat' dir='ltr'>in</span> <span class='ocrx_word' id='word_1_152' title='bbox 1076 1495 1144 1520; x_wconf 89' lang='lat' dir='ltr'>sua</span> <span class='ocrx_word' id='word_1_153' title='bbox 1163 1486 1243 1519; x_wconf 86' lang='lat' dir='ltr'>arte</span> <span class='ocrx_word' id='word_1_154' title='bbox 1263 1486 1490 1531; x_wconf 87' lang='lat' dir='ltr'>argumenta</span> <span class='ocrx_word' id='word_1_155' title='bbox 1508 1479 1655 1518; x_wconf 89' lang='lat' dir='ltr'>invenit</span> 
     </span>
     <span class='ocr_line' id='line_1_20' title="bbox 184 1542 1652 1590; baseline -0.002 -7"><span class='ocrx_word' id='word_1_156' title='bbox 184 1551 223 1584; x_wconf 90' lang='lat' dir='ltr'>et</span> <span class='ocrx_word' id='word_1_157' title='bbox 242 1545 405 1583; x_wconf 89' lang='lat' dir='ltr'>inventis</span> <span class='ocrx_word' id='word_1_158' title='bbox 427 1545 560 1583; x_wconf 87' lang='lat' dir='ltr'>utitur.</span> <span class='ocrx_word' id='word_1_159' title='bbox 616 1545 744 1582; x_wconf 90' lang='lat' dir='ltr'>Nemo</span> <span class='ocrx_word' id='word_1_160' title='bbox 765 1551 907 1590; x_wconf 88' lang='lat' dir='ltr'>tamen,</span> <span class='ocrx_word' id='word_1_161' title='bbox 928 1544 1002 1582; x_wconf 91' lang='lat' dir='ltr'>nisi</span> <span class='ocrx_word' id='word_1_162' title='bbox 1030 1548 1174 1589; x_wconf 87' lang='lat' dir='ltr'>orator,</span> <span class='ocrx_word' id='word_1_163' title='bbox 1197 1542 1246 1581; x_wconf 91' lang='lat' dir='ltr'>de</span> <span class='ocrx_word' id='word_1_164' title='bbox 1268 1556 1400 1581; x_wconf 90' lang='lat' dir='ltr'>eorum</span> <span class='ocrx_word' id='word_1_165' title='bbox 1427 1542 1652 1581; x_wconf 89' lang='lat' dir='ltr'>elocutione</span> 
     </span>
     <span class='ocr_line' id='line_1_21' title="bbox 184 1604 1653 1656; baseline -0.002 -12"><span class='ocrx_word' id='word_1_166' title='bbox 184 1612 224 1644; x_wconf 88' lang='lat' dir='ltr'>et</span> <span class='ocrx_word' id='word_1_167' title='bbox 253 1605 483 1644; x_wconf 86' lang='lat' dir='ltr'>tractatione</span> <span class='ocrx_word' id='word_1_168' title='bbox 502 1605 551 1643; x_wconf 90' lang='lat' dir='ltr'>ad</span> <span class='ocrx_word' id='word_1_169' title='bbox 581 1606 810 1656; x_wconf 89' lang='lat' dir='ltr'>popularem</span> <span class='ocrx_word' id='word_1_170' title='bbox 840 1604 1136 1655; x_wconf 88' lang='lat' dir='ltr'>intelligentiam</span> <span class='ocrx_word' id='word_1_171' title='bbox 1166 1609 1206 1642; x_wconf 92' lang='lat' dir='ltr'>et</span> <span class='ocrx_word' id='word_1_172' title='bbox 1234 1605 1527 1655; x_wconf 89' lang='lat' dir='ltr'>persuasionem</span> <span class='ocrx_word' id='word_1_173' title='bbox 1547 1609 1653 1654; x_wconf 91' lang='lat' dir='ltr'>apta,</span> 
     </span>
     <span class='ocr_line' id='line_1_22' title="bbox 185 1666 1653 1718; baseline -0.001 -13"><span class='ocrx_word' id='word_1_174' title='bbox 185 1667 373 1705; x_wconf 89' lang='lat' dir='ltr'>sollicitus</span> <span class='ocrx_word' id='word_1_175' title='bbox 402 1680 485 1704; x_wconf 90' lang='lat' dir='ltr'>esse</span> <span class='ocrx_word' id='word_1_176' title='bbox 515 1667 626 1704; x_wconf 87' lang='lat' dir='ltr'>solet.</span> <span class='ocrx_word' id='word_1_177' title='bbox 684 1667 818 1704; x_wconf 88' lang='lat' dir='ltr'>Prima</span> <span class='ocrx_word' id='word_1_178' title='bbox 851 1672 1164 1718; x_wconf 88' lang='lat' dir='ltr'>argumentorum</span> <span class='ocrx_word' id='word_1_179' title='bbox 1191 1666 1485 1705; x_wconf 88' lang='lat' dir='ltr'>tractandorum</span> <span class='ocrx_word' id='word_1_180' title='bbox 1514 1666 1653 1717; x_wconf 82' lang='lat' dir='ltr'>virtus,</span> 
     </span>
     <span class='ocr_line' id='line_1_23' title="bbox 185 1730 1651 1783; baseline -0.001 -13"><span class='ocrx_word' id='word_1_181' title='bbox 185 1745 300 1783; x_wconf 89' lang='lat' dir='ltr'>quam</span> <span class='ocrx_word' id='word_1_182' title='bbox 323 1731 499 1769; x_wconf 87' lang='lat' dir='ltr'>AEschini</span> <span class='ocrx_word' id='word_1_183' title='bbox 523 1730 744 1776; x_wconf 88' lang='lat' dir='ltr'>tribuimus,</span> <span class='ocrx_word' id='word_1_184' title='bbox 765 1739 825 1770; x_wconf 89' lang='lat' dir='ltr'>est</span> <span class='ocrx_word' id='word_1_185' title='bbox 839 1731 1078 1783; x_wconf 82' lang='lat' dir='ltr'>praeparatio</span> <span class='ocrx_word' id='word_1_186' title='bbox 1098 1730 1337 1777; x_wconf 87' lang='lat' dir='ltr'>auditorum,</span> <span class='ocrx_word' id='word_1_187' title='bbox 1359 1744 1437 1781; x_wconf 91' lang='lat' dir='ltr'>qua</span> <span class='ocrx_word' id='word_1_188' title='bbox 1456 1730 1529 1769; x_wconf 92' lang='lat' dir='ltr'>sibi</span> <span class='ocrx_word' id='word_1_189' title='bbox 1549 1730 1651 1769; x_wconf 90' lang='lat' dir='ltr'>viam</span> 
     </span>
     <span class='ocr_line' id='line_1_24' title="bbox 183 1792 1654 1844; baseline -0.001 -13"><span class='ocrx_word' id='word_1_190' title='bbox 183 1794 307 1832; x_wconf 92' lang='lat' dir='ltr'>munit</span> <span class='ocrx_word' id='word_1_191' title='bbox 327 1799 366 1831; x_wconf 90' lang='lat' dir='ltr'>et</span> <span class='ocrx_word' id='word_1_192' title='bbox 387 1793 599 1831; x_wconf 89' lang='lat' dir='ltr'>benevolos</span> <span class='ocrx_word' id='word_1_193' title='bbox 620 1799 872 1844; x_wconf 78' lang='lat' dir='ltr'>attentosque</span> <span class='ocrx_word' id='word_1_194' title='bbox 893 1793 1024 1832; x_wconf 87' lang='lat' dir='ltr'>reddit</span> <span class='ocrx_word' id='word_1_195' title='bbox 1044 1792 1092 1830; x_wconf 91' lang='lat' dir='ltr'>ad</span> <span class='ocrx_word' id='word_1_196' title='bbox 1122 1792 1416 1843; x_wconf 87' lang='lat' dir='ltr'>percipiendam</span> <span class='ocrx_word' id='word_1_197' title='bbox 1436 1792 1514 1830; x_wconf 91' lang='lat' dir='ltr'>vim</span> <span class='ocrx_word' id='word_1_198' title='bbox 1538 1805 1654 1843; x_wconf 89' lang='lat' dir='ltr'>argu-</span> 
     </span>
     <span class='ocr_line' id='line_1_25' title="bbox 184 1853 1657 1910; baseline -0.001 -16"><span class='ocrx_word' id='word_1_199' title='bbox 184 1861 415 1894; x_wconf 89' lang='lat' dir='ltr'>mentorum.</span> <span class='ocrx_word' id='word_1_200' title='bbox 471 1854 533 1892; x_wconf 90' lang='lat' dir='ltr'>Sic</span> <span class='ocrx_word' id='word_1_201' title='bbox 563 1855 601 1892; x_wconf 90' lang='lat' dir='ltr'>in</span> <span class='ocrx_word' id='word_1_202' title='bbox 631 1855 805 1893; x_wconf 89' lang='lat' dir='ltr'>oratione</span> <span class='ocrx_word' id='word_1_203' title='bbox 834 1861 971 1893; x_wconf 87' lang='lat' dir='ltr'>contra</span> <span class='ocrx_word' id='word_1_204' title='bbox 990 1854 1241 1893; x_wconf 89' lang='lat' dir='ltr'>Timarchum</span> <span class='ocrx_word' id='word_1_205' title='bbox 1262 1858 1307 1903; x_wconf 83' lang='grc' dir='ltr'>(κ.</span> <span class='ocrx_word' id='word_1_206' title='bbox 1335 1855 1506 1910; x_wconf 77' lang='grc' dir='ltr'>Τιμάρχ.</span> <span class='ocrx_word' id='word_1_207' title='bbox 1536 1860 1568 1904; x_wconf 64' lang='grc' dir='ltr'>ξ.</span> <span class='ocrx_word' id='word_1_208' title='bbox 1589 1853 1657 1903; x_wconf 65' lang='grc' dir='ltr'>θ’.)</span> 
     </span>
     <span class='ocr_line' id='line_1_26' title="bbox 184 1917 1655 1970; baseline -0.001 -13"><span class='ocrx_word' id='word_1_209' title='bbox 184 1919 251 1957; x_wconf 94' lang='lat' dir='ltr'>ubi</span> <span class='ocrx_word' id='word_1_210' title='bbox 279 1918 328 1957; x_wconf 87' lang='lat' dir='ltr'>ad</span> <span class='ocrx_word' id='word_1_211' title='bbox 358 1919 519 1956; x_wconf 85' lang='lat' dir='ltr'>alteram</span> <span class='ocrx_word' id='word_1_212' title='bbox 543 1917 592 1955; x_wconf 91' lang='lat' dir='ltr'>de</span> <span class='ocrx_word' id='word_1_213' title='bbox 613 1918 691 1956; x_wconf 85' lang='lat' dir='ltr'>vita</span> <span class='ocrx_word' id='word_1_214' title='bbox 725 1918 905 1970; x_wconf 88' lang='lat' dir='ltr'>improba</span> <span class='ocrx_word' id='word_1_215' title='bbox 933 1918 1133 1957; x_wconf 88' lang='lat' dir='ltr'>Timarchi</span> <span class='ocrx_word' id='word_1_216' title='bbox 1167 1924 1314 1969; x_wconf 89' lang='lat' dir='ltr'>partem</span> <span class='ocrx_word' id='word_1_217' title='bbox 1350 1918 1502 1964; x_wconf 88' lang='lat' dir='ltr'>transit,</span> <span class='ocrx_word' id='word_1_218' title='bbox 1523 1918 1655 1956; x_wconf 11' lang='lat' dir='ltr'>,utitur</span> 
     </span>
     <span class='ocr_line' id='line_1_27' title="bbox 184 1980 1654 2033; baseline -0.001 -13"><span class='ocrx_word' id='word_1_219' title='bbox 184 1981 483 2033; x_wconf 70' lang='lat' dir='ltr'>praeparatione,</span> <span class='ocrx_word' id='word_1_220' title='bbox 502 1988 693 2032; x_wconf 86' lang='lat' dir='ltr'>rogatque</span> <span class='ocrx_word' id='word_1_221' title='bbox 714 1982 926 2028; x_wconf 88' lang='lat' dir='ltr'>auditores,</span> <span class='ocrx_word' id='word_1_222' title='bbox 947 1995 995 2020; x_wconf 93' lang='lat' dir='ltr'>ne</span> <span class='ocrx_word' id='word_1_223' title='bbox 1016 1982 1091 2019; x_wconf 90' lang='lat' dir='ltr'>sibi</span> <span class='ocrx_word' id='word_1_224' title='bbox 1113 1981 1207 2019; x_wconf 82' lang='lat' dir='ltr'>vitio</span> <span class='ocrx_word' id='word_1_225' title='bbox 1226 1987 1392 2027; x_wconf 84' lang='lat' dir='ltr'>vertant,</span> <span class='ocrx_word' id='word_1_226' title='bbox 1414 1981 1446 2019; x_wconf 87' lang='lat' dir='ltr'>si</span> <span class='ocrx_word' id='word_1_227' title='bbox 1465 1980 1516 2019; x_wconf 91' lang='lat' dir='ltr'>de</span> <span class='ocrx_word' id='word_1_228' title='bbox 1537 1981 1654 2019; x_wconf 90' lang='lat' dir='ltr'>tantis</span> 
     </span>
     <span class='ocr_line' id='line_1_28' title="bbox 183 2042 1653 2095; baseline -0.001 -13"><span class='ocrx_word' id='word_1_229' title='bbox 183 2044 338 2094; x_wconf 89' lang='lat' dir='ltr'>flagitiis</span> <span class='ocrx_word' id='word_1_230' title='bbox 367 2042 452 2093; x_wconf 81' lang='lat' dir='ltr'>ejus</span> <span class='ocrx_word' id='word_1_231' title='bbox 479 2042 656 2081; x_wconf 84' lang='lat' dir='ltr'>dicturus</span> <span class='ocrx_word' id='word_1_232' title='bbox 686 2043 878 2082; x_wconf 88' lang='lat' dir='ltr'>interdum</span> <span class='ocrx_word' id='word_1_233' title='bbox 901 2050 1066 2095; x_wconf 90' lang='lat' dir='ltr'>cogatur</span> <span class='ocrx_word' id='word_1_234' title='bbox 1086 2044 1214 2082; x_wconf 85' lang='lat' dir='ltr'>verbis</span> <span class='ocrx_word' id='word_1_235' title='bbox 1235 2044 1359 2082; x_wconf 89' lang='lat' dir='ltr'>minus</span> <span class='ocrx_word' id='word_1_236' title='bbox 1389 2043 1562 2081; x_wconf 89' lang='lat' dir='ltr'>honestis</span> <span class='ocrx_word' id='word_1_237' title='bbox 1584 2044 1653 2092; x_wconf 89' lang='lat' dir='ltr'>uti,</span> 
     </span>
     <span class='ocr_line' id='line_1_29' title="bbox 183 2105 1653 2157; baseline -0.001 -12"><span class='ocrx_word' id='word_1_238' title='bbox 183 2107 338 2157; x_wconf 86' lang='lat' dir='ltr'>culpam</span> <span class='ocrx_word' id='word_1_239' title='bbox 366 2105 405 2143; x_wconf 91' lang='lat' dir='ltr'>in</span> <span class='ocrx_word' id='word_1_240' title='bbox 431 2105 679 2144; x_wconf 83' lang='lat' dir='ltr'>Timarchum</span> <span class='ocrx_word' id='word_1_241' title='bbox 711 2106 908 2152; x_wconf 80' lang='lat' dir='ltr'>transfert,</span> <span class='ocrx_word' id='word_1_242' title='bbox 930 2120 970 2144; x_wconf 90' lang='lat' dir='ltr'>se</span> <span class='ocrx_word' id='word_1_243' title='bbox 1001 2119 1153 2144; x_wconf 88' lang='lat' dir='ltr'>summa</span> <span class='ocrx_word' id='word_1_244' title='bbox 1173 2119 1267 2144; x_wconf 87' lang='lat' dir='ltr'>cura</span> <span class='ocrx_word' id='word_1_245' title='bbox 1288 2105 1445 2144; x_wconf 89' lang='lat' dir='ltr'>honesti</span> <span class='ocrx_word' id='word_1_246' title='bbox 1463 2105 1653 2144; x_wconf 88' lang='lat' dir='ltr'>rationem</span> 
     </span>
     <span class='ocr_line' id='line_1_30' title="bbox 184 2167 1657 2219; baseline -0.001 -12"><span class='ocrx_word' id='word_1_247' title='bbox 184 2168 407 2207; x_wconf 88' lang='lat' dir='ltr'>habiturum</span> <span class='ocrx_word' id='word_1_248' title='bbox 426 2167 632 2218; x_wconf 89' lang='lat' dir='ltr'>promittit,</span> <span class='ocrx_word' id='word_1_249' title='bbox 654 2168 959 2206; x_wconf 86' lang='lat' dir='ltr'>moderationem</span> <span class='ocrx_word' id='word_1_250' title='bbox 982 2181 1063 2219; x_wconf 86' lang='lat' dir='ltr'>prae</span> <span class='ocrx_word' id='word_1_251' title='bbox 1086 2182 1126 2206; x_wconf 84' lang='lat' dir='ltr'>se</span> <span class='ocrx_word' id='word_1_252' title='bbox 1147 2168 1236 2214; x_wconf 87' lang='lat' dir='ltr'>fert,</span> <span class='ocrx_word' id='word_1_253' title='bbox 1254 2174 1294 2206; x_wconf 92' lang='lat' dir='ltr'>et</span> <span class='ocrx_word' id='word_1_254' title='bbox 1314 2167 1525 2206; x_wconf 85' lang='lat' dir='ltr'>multorum</span> <span class='ocrx_word' id='word_1_255' title='bbox 1545 2181 1568 2206; x_wconf 91' lang='lat' dir='ltr'>a</span> <span class='ocrx_word' id='word_1_256' title='bbox 1586 2168 1657 2205; x_wconf 90' lang='lat' dir='ltr'>Ti-</span> 
     </span>
     <span class='ocr_line' id='line_1_31' title="bbox 183 2229 1652 2282; baseline 0 -13"><span class='ocrx_word' id='word_1_257' title='bbox 183 2231 344 2270; x_wconf 86' lang='lat' dir='ltr'>marcho</span> <span class='ocrx_word' id='word_1_258' title='bbox 372 2243 496 2282; x_wconf 90' lang='lat' dir='ltr'>puero</span> <span class='ocrx_word' id='word_1_259' title='bbox 525 2231 626 2268; x_wconf 89' lang='lat' dir='ltr'>male</span> <span class='ocrx_word' id='word_1_260' title='bbox 646 2229 840 2268; x_wconf 89' lang='lat' dir='ltr'>factorum</span> <span class='ocrx_word' id='word_1_261' title='bbox 867 2244 914 2268; x_wconf 90' lang='lat' dir='ltr'>ne</span> <span class='ocrx_word' id='word_1_262' title='bbox 936 2230 1097 2281; x_wconf 88' lang='lat' dir='ltr'>quidem</span> <span class='ocrx_word' id='word_1_263' title='bbox 1124 2230 1359 2269; x_wconf 87' lang='lat' dir='ltr'>mentionem</span> <span class='ocrx_word' id='word_1_264' title='bbox 1387 2244 1427 2268; x_wconf 91' lang='lat' dir='ltr'>se</span> <span class='ocrx_word' id='word_1_265' title='bbox 1455 2230 1652 2269; x_wconf 83' lang='lat' dir='ltr'>facturum</span> 
     </span>
     <span class='ocr_line' id='line_1_32' title="bbox 184 2292 1654 2345; baseline 0 -13"><span class='ocrx_word' id='word_1_266' title='bbox 184 2293 313 2332; x_wconf 86' lang='lat' dir='ltr'>docet.</span> <span class='ocrx_word' id='word_1_267' title='bbox 369 2293 415 2330; x_wconf 91' lang='lat' dir='ltr'>In</span> <span class='ocrx_word' id='word_1_268' title='bbox 436 2292 612 2331; x_wconf 90' lang='lat' dir='ltr'>oratione</span> <span class='ocrx_word' id='word_1_269' title='bbox 632 2300 769 2331; x_wconf 90' lang='lat' dir='ltr'>contra</span> <span class='ocrx_word' id='word_1_270' title='bbox 790 2293 1091 2344; x_wconf 89' lang='lat' dir='ltr'>Ctesiphontem</span> <span class='ocrx_word' id='word_1_271' title='bbox 1113 2293 1277 2332; x_wconf 87' lang='lat' dir='ltr'>eandem</span> <span class='ocrx_word' id='word_1_272' title='bbox 1303 2293 1496 2332; x_wconf 85' lang='lat' dir='ltr'>rationem</span> <span class='ocrx_word' id='word_1_273' title='bbox 1523 2293 1654 2345; x_wconf 88' lang='lat' dir='ltr'>sequi-</span> 
     </span>
     <span class='ocr_line' id='line_1_33' title="bbox 185 2355 1655 2407; baseline 0 -12"><span class='ocrx_word' id='word_1_274' title='bbox 185 2362 260 2395; x_wconf 83' lang='lat' dir='ltr'>tur.</span> <span class='ocrx_word' id='word_1_275' title='bbox 316 2355 504 2393; x_wconf 90' lang='lat' dir='ltr'>Dicturus</span> <span class='ocrx_word' id='word_1_276' title='bbox 534 2355 635 2393; x_wconf 90' lang='lat' dir='ltr'>enim</span> <span class='ocrx_word' id='word_1_277' title='bbox 667 2355 716 2394; x_wconf 90' lang='lat' dir='ltr'>de</span> <span class='ocrx_word' id='word_1_278' title='bbox 737 2355 1016 2395; x_wconf 87' lang='lat' dir='ltr'>Demosthenis</span> <span class='ocrx_word' id='word_1_279' title='bbox 1043 2356 1081 2394; x_wconf 92' lang='lat' dir='ltr'>in</span> <span class='ocrx_word' id='word_1_280' title='bbox 1111 2356 1418 2395; x_wconf 85' lang='lat' dir='ltr'>administranda</span> <span class='ocrx_word' id='word_1_281' title='bbox 1451 2357 1655 2407; x_wconf 86' lang='lat' dir='ltr'>republica</span> 
     </span>
     <span class='ocr_line' id='line_1_34' title="bbox 184 2417 1652 2471; baseline 0 -14"><span class='ocrx_word' id='word_1_282' title='bbox 184 2421 404 2470; x_wconf 77' lang='grc' dir='ltr'><em>προαιρέσει,</em></span> <span class='ocrx_word' id='word_1_283' title='bbox 426 2417 575 2468; x_wconf 90' lang='lat' dir='ltr'>duplici</span> <span class='ocrx_word' id='word_1_284' title='bbox 595 2418 883 2469; x_wconf 72' lang='lat' dir='ltr'>praeparatione</span> <span class='ocrx_word' id='word_1_285' title='bbox 900 2419 1034 2458; x_wconf 86' lang='lat' dir='ltr'>utitur.</span> <span class='ocrx_word' id='word_1_286' title='bbox 1062 2421 1110 2467; x_wconf 84' lang='grc' dir='ltr'>(κ.</span> <span class='ocrx_word' id='word_1_287' title='bbox 1127 2423 1287 2471; x_wconf 83' lang='grc' dir='ltr'>Κτησιφ.</span> <span class='ocrx_word' id='word_1_288' title='bbox 1309 2426 1342 2469; x_wconf 59' lang='grc' dir='ltr'>ξ.</span> <span class='ocrx_word' id='word_1_289' title='bbox 1361 2419 1435 2467; x_wconf 70' lang='lat' dir='ltr'>eff.)</span> <span class='ocrx_word' id='word_1_290' title='bbox 1463 2419 1652 2466; x_wconf 87' lang='lat' dir='ltr'>Primum,</span> 
     </span>
     <span class='ocr_line' id='line_1_35' title="bbox 186 2479 1654 2532; baseline 0.001 -14"><span class='ocrx_word' id='word_1_291' title='bbox 186 2480 282 2532; x_wconf 91' lang='lat' dir='ltr'>quid</span> <span class='ocrx_word' id='word_1_292' title='bbox 305 2480 377 2519; x_wconf 87' lang='lat' dir='ltr'>sibi</span> <span class='ocrx_word' id='word_1_293' title='bbox 396 2486 436 2518; x_wconf 91' lang='lat' dir='ltr'>et</span> <span class='ocrx_word' id='word_1_294' title='bbox 460 2479 685 2518; x_wconf 89' lang='lat' dir='ltr'>adversario</span> <span class='ocrx_word' id='word_1_295' title='bbox 705 2480 925 2519; x_wconf 88' lang='lat' dir='ltr'>docendum</span> <span class='ocrx_word' id='word_1_296' title='bbox 952 2481 1014 2527; x_wconf 86' lang='lat' dir='ltr'>sit,</span> <span class='ocrx_word' id='word_1_297' title='bbox 1035 2480 1211 2520; x_wconf 90' lang='lat' dir='ltr'>dilucide</span> <span class='ocrx_word' id='word_1_298' title='bbox 1231 2481 1488 2527; x_wconf 86' lang='lat' dir='ltr'>demonstrat,</span> <span class='ocrx_word' id='word_1_299' title='bbox 1511 2481 1654 2520; x_wconf 90' lang='lat' dir='ltr'>deinde</span> 
     </span>
     <span class='ocr_line' id='line_1_36' title="bbox 185 2541 1653 2595; baseline 0 -14"><span class='ocrx_word' id='word_1_300' title='bbox 185 2557 257 2595; x_wconf 91' lang='lat' dir='ltr'>per</span> <span class='ocrx_word' id='word_1_301' title='bbox 274 2541 577 2594; x_wconf 87' lang='lat' dir='ltr'>praeteritionem</span> <span class='ocrx_word' id='word_1_302' title='bbox 600 2543 878 2581; x_wconf 88' lang='lat' dir='ltr'>Demosthenis</span> <span class='ocrx_word' id='word_1_303' title='bbox 901 2543 1017 2581; x_wconf 92' lang='lat' dir='ltr'>vitam</span> <span class='ocrx_word' id='word_1_304' title='bbox 1049 2543 1243 2594; x_wconf 87' lang='lat' dir='ltr'>privatam</span> <span class='ocrx_word' id='word_1_305' title='bbox 1265 2543 1506 2589; x_wconf 87' lang='lat' dir='ltr'>criminatur,</span> <span class='ocrx_word' id='word_1_306' title='bbox 1537 2549 1576 2581; x_wconf 85' lang='lat' dir='ltr'>et</span> <span class='ocrx_word' id='word_1_307' title='bbox 1602 2543 1653 2582; x_wconf 91' lang='lat' dir='ltr'>ad</span> 
     </span>
     <span class='ocr_line' id='line_1_37' title="bbox 184 2605 1654 2656; baseline 0.001 -13"><span class='ocrx_word' id='word_1_308' title='bbox 184 2619 243 2652; x_wconf 88' lang='lat' dir='ltr'>ea,</span> <span class='ocrx_word' id='word_1_309' title='bbox 261 2618 350 2655; x_wconf 87' lang='lat' dir='ltr'>quae</span> <span class='ocrx_word' id='word_1_310' title='bbox 371 2611 508 2642; x_wconf 88' lang='lat' dir='ltr'>contra</span> <span class='ocrx_word' id='word_1_311' title='bbox 521 2605 801 2655; x_wconf 90' lang='lat' dir='ltr'>rempublicam</span> <span class='ocrx_word' id='word_1_312' title='bbox 823 2612 863 2643; x_wconf 91' lang='lat' dir='ltr'>et</span> <span class='ocrx_word' id='word_1_313' title='bbox 883 2605 987 2643; x_wconf 91' lang='lat' dir='ltr'>cives</span> <span class='ocrx_word' id='word_1_314' title='bbox 1008 2618 1141 2643; x_wconf 86' lang='lat' dir='ltr'>omnes</span> <span class='ocrx_word' id='word_1_315' title='bbox 1158 2606 1335 2656; x_wconf 90' lang='lat' dir='ltr'>improbe</span> <span class='ocrx_word' id='word_1_316' title='bbox 1353 2606 1514 2652; x_wconf 83' lang='lat' dir='ltr'>fecerat,</span> <span class='ocrx_word' id='word_1_317' title='bbox 1529 2611 1654 2645; x_wconf 88' lang='lat' dir='ltr'>trans-</span> 
     </span>
     <span class='ocr_line' id='line_1_38' title="bbox 183 2666 1654 2718; baseline 0.001 -12"><span class='ocrx_word' id='word_1_318' title='bbox 183 2668 227 2706; x_wconf 88' lang='lat' dir='ltr'>it.</span> <span class='ocrx_word' id='word_1_319' title='bbox 283 2666 465 2705; x_wconf 89' lang='lat' dir='ltr'>Secunda</span> <span class='ocrx_word' id='word_1_320' title='bbox 499 2666 632 2712; x_wconf 89' lang='lat' dir='ltr'>virtus,</span> <span class='ocrx_word' id='word_1_321' title='bbox 665 2680 742 2704; x_wconf 92' lang='lat' dir='ltr'>non</span> <span class='ocrx_word' id='word_1_322' title='bbox 778 2668 938 2705; x_wconf 87' lang='lat' dir='ltr'>multum</span> <span class='ocrx_word' id='word_1_323' title='bbox 977 2681 999 2705; x_wconf 92' lang='lat' dir='ltr'>a</span> <span class='ocrx_word' id='word_1_324' title='bbox 1033 2668 1158 2718; x_wconf 87' lang='lat' dir='ltr'>prima</span> <span class='ocrx_word' id='word_1_325' title='bbox 1196 2667 1362 2712; x_wconf 91' lang='lat' dir='ltr'>diversa,</span> <span class='ocrx_word' id='word_1_326' title='bbox 1398 2667 1438 2705; x_wconf 90' lang='lat' dir='ltr'>in</span> <span class='ocrx_word' id='word_1_327' title='bbox 1469 2669 1654 2708; x_wconf 87' lang='lat' dir='ltr'>varietate</span> 
     </span>
     <span class='ocr_line' id='line_1_39' title="bbox 186 2729 1654 2782; baseline 0.002 -16"><span class='ocrx_word' id='word_1_328' title='bbox 186 2729 285 2767; x_wconf 92' lang='lat' dir='ltr'>initii</span> <span class='ocrx_word' id='word_1_329' title='bbox 312 2734 627 2778; x_wconf 88' lang='lat' dir='ltr'>argumentorum</span> <span class='ocrx_word' id='word_1_330' title='bbox 659 2729 846 2767; x_wconf 89' lang='lat' dir='ltr'>cernitur.</span> <span class='ocrx_word' id='word_1_331' title='bbox 905 2729 1030 2767; x_wconf 89' lang='lat' dir='ltr'>Modo</span> <span class='ocrx_word' id='word_1_332' title='bbox 1058 2730 1436 2780; x_wconf 89' lang='lat' dir='ltr'>argumentationem</span> <span class='ocrx_word' id='word_1_333' title='bbox 1464 2730 1603 2782; x_wconf 88' lang='lat' dir='ltr'>incipit</span> <span class='ocrx_word' id='word_1_334' title='bbox 1632 2745 1654 2769; x_wconf 90' lang='lat' dir='ltr'>a</span> 
     </span>
     <span class='ocr_line' id='line_1_40' title="bbox 187 2790 1654 2843; baseline 0.002 -14"><span class='ocrx_word' id='word_1_335' title='bbox 187 2791 411 2829; x_wconf 88' lang='lat' dir='ltr'>criminibus</span> <span class='ocrx_word' id='word_1_336' title='bbox 431 2797 470 2829; x_wconf 89' lang='lat' dir='ltr'>et</span> <span class='ocrx_word' id='word_1_337' title='bbox 488 2790 664 2829; x_wconf 83' lang='lat' dir='ltr'>irrisione</span> <span class='ocrx_word' id='word_1_338' title='bbox 687 2791 1008 2838; x_wconf 88' lang='lat' dir='ltr'>adversariorum,</span> <span class='ocrx_word' id='word_1_339' title='bbox 1029 2795 1076 2840; x_wconf 78' lang='grc' dir='ltr'>(κ.</span> <span class='ocrx_word' id='word_1_340' title='bbox 1095 2792 1263 2843; x_wconf 81' lang='grc' dir='ltr'>Τιμάρχ.</span> <span class='ocrx_word' id='word_1_341' title='bbox 1285 2800 1316 2843; x_wconf 62' lang='grc' dir='ltr'>ξ.</span> <span class='ocrx_word' id='word_1_342' title='bbox 1337 2793 1400 2836; x_wconf 82' lang='grc' dir='ltr'><em>κζ’.</em></span> <span class='ocrx_word' id='word_1_343' title='bbox 1414 2792 1514 2840; x_wconf 84' lang='lat' dir='ltr'>init.)</span> <span class='ocrx_word' id='word_1_344' title='bbox 1536 2794 1654 2832; x_wconf 89' lang='lat' dir='ltr'>modo</span> 
     </span>
     <span class='ocr_line' id='line_1_41' title="bbox 190 2852 1656 2905; baseline 0.003 -15"><span class='ocrx_word' id='word_1_345' title='bbox 190 2853 310 2890; x_wconf 84' lang='lat' dir='ltr'>utitur</span> <span class='ocrx_word' id='word_1_346' title='bbox 324 2852 564 2902; x_wconf 87' lang='lat' dir='ltr'>objectione,</span> <span class='ocrx_word' id='word_1_347' title='bbox 582 2853 692 2901; x_wconf 87' lang='lat' dir='ltr'>(ibid.</span> <span class='ocrx_word' id='word_1_348' title='bbox 713 2855 744 2899; x_wconf 64' lang='grc' dir='ltr'>ξ.</span> <span class='ocrx_word' id='word_1_349' title='bbox 765 2853 827 2892; x_wconf 68' lang='grc' dir='ltr'>ι8’.</span> <span class='ocrx_word' id='word_1_350' title='bbox 851 2854 953 2903; x_wconf 83' lang='lat' dir='ltr'>init.)</span> <span class='ocrx_word' id='word_1_351' title='bbox 968 2854 1085 2892; x_wconf 92' lang='lat' dir='ltr'>modo</span> <span class='ocrx_word' id='word_1_352' title='bbox 1104 2854 1291 2903; x_wconf 84' lang='lat' dir='ltr'>precibus</span> <span class='ocrx_word' id='word_1_353' title='bbox 1306 2853 1416 2902; x_wconf 85' lang='lat' dir='ltr'>(ibid.</span> <span class='ocrx_word' id='word_1_354' title='bbox 1438 2862 1468 2905; x_wconf 60' lang='grc' dir='ltr'>ξ.</span> <span class='ocrx_word' id='word_1_355' title='bbox 1484 2859 1536 2894; x_wconf 82' lang='grc' dir='ltr'>κέ.</span> <span class='ocrx_word' id='word_1_356' title='bbox 1553 2855 1656 2904; x_wconf 88' lang='lat' dir='ltr'>init.)</span> 
     </span>
     <span class='ocr_line' id='line_1_42' title="bbox 188 2914 1654 2969; baseline 0.003 -18"><span class='ocrx_word' id='word_1_357' title='bbox 188 2918 358 2951; x_wconf 81' lang='lat' dir='ltr'>attentos</span> <span class='ocrx_word' id='word_1_358' title='bbox 378 2914 507 2954; x_wconf 89' lang='lat' dir='ltr'>reddit</span> <span class='ocrx_word' id='word_1_359' title='bbox 526 2914 737 2961; x_wconf 85' lang='lat' dir='ltr'>auditores,</span> <span class='ocrx_word' id='word_1_360' title='bbox 759 2915 876 2954; x_wconf 92' lang='lat' dir='ltr'>modo</span> <span class='ocrx_word' id='word_1_361' title='bbox 907 2916 1105 2966; x_wconf 85' lang='lat' dir='ltr'>inopinata</span> <span class='ocrx_word' id='word_1_362' title='bbox 1125 2915 1342 2966; x_wconf 88' lang='lat' dir='ltr'>irruptione</span> <span class='ocrx_word' id='word_1_363' title='bbox 1365 2919 1413 2965; x_wconf 79' lang='grc' dir='ltr'>(κ.</span> <span class='ocrx_word' id='word_1_364' title='bbox 1438 2917 1600 2969; x_wconf 82' lang='grc' dir='ltr'>Κτησιφ.</span> <span class='ocrx_word' id='word_1_365' title='bbox 1623 2924 1654 2967; x_wconf 64' lang='grc' dir='ltr'>ξ.</span> 
     </span>
     <span class='ocr_line' id='line_1_43' title="bbox 191 2974 1655 3029; baseline 0.004 -18"><span class='ocrx_word' id='word_1_366' title='bbox 191 2974 287 3026; x_wconf 68' lang='grc' dir='ltr'><strong>μδ.)</strong></span> <span class='ocrx_word' id='word_1_367' title='bbox 306 2978 435 3013; x_wconf 89' lang='lat' dir='ltr'>terret.</span> <span class='ocrx_word' id='word_1_368' title='bbox 494 2976 556 3014; x_wconf 89' lang='lat' dir='ltr'>Ab</span> <span class='ocrx_word' id='word_1_369' title='bbox 585 2976 778 3028; x_wconf 86' lang='lat' dir='ltr'>ejusmodi</span> <span class='ocrx_word' id='word_1_370' title='bbox 800 2977 918 3016; x_wconf 86' lang='lat' dir='ltr'>initiis</span> <span class='ocrx_word' id='word_1_371' title='bbox 941 2977 990 3016; x_wconf 87' lang='lat' dir='ltr'>ad</span> <span class='ocrx_word' id='word_1_372' title='bbox 1012 2977 1227 3027; x_wconf 84' lang='lat' dir='ltr'>argumenti</span> <span class='ocrx_word' id='word_1_373' title='bbox 1249 2977 1563 3029; x_wconf 79' lang='lat' dir='ltr'>explicationem,</span> <span class='ocrx_word' id='word_1_374' title='bbox 1584 2980 1655 3029; x_wconf 79' lang='grc' dir='ltr'>(ἐρ-</span> 
     </span>
    </p>
   </div>
  </div>
 </body>
</html>
