1899 3322
740 163 1102 206 AESCHINEAE.

239 270 320 302 πόλει
352 277 476 303 senatus
502 272 754 313 Areopagiticus.
781 274 835 308 13,
861 276 910 302 11.

239 314 380 355 συνέδριον,
397 321 568 346 conventus
584 317 755 356 legatorum
771 326 789 345 e
809 325 910 355 popu-

237 357 276 387 lis
293 357 424 389 Graeciae
435 359 580 389 Athenis.
609 357 799 396 ἑέδομήκοντα
816 358 911 390 πόλεις

236 399 437 442 συμμαχίδας
452 401 633 432 κατέστησεν
653 402 691 434 εἷς
715 401 748 429 τὸ
769 400 910 441 συνέδριον.

240 446 293 480 37,
312 447 362 475 1⁶2.
385 446 425 474 τοὶ
439 444 573 482 μέγιστα
589 446 644 473 τῶν
659 444 684 473 ἓν
698 445 736 484 τῇ
752 443 832 473 πόλει
847 455 910 473 συν-

235 486 323 526 εδρίων
337 488 390 517 ὑπὸ
403 490 451 518 τήν
467 490 521 518 τῶν
535 485 716 525 δικαστηρίων
727 486 844 526 ἔρχεται
855 486 908 523 ψῆ-

235 537 295 569 φον.
312 532 365 567 56,
382 533 433 561 29.
458 530 588 569 συνέδριον
603 529 682 559 κοινὸν
693 530 750 560 τῶν
764 529 908 559 Ἐλλήνων.

237 574 291 608 61,
304 574 359 604 ult.
375 576 428 608 62,
449 576 478 603 2.
503 572 632 613 συνέδριον
647 573 684 607 εἶς
699 570 829 602 Χαλκίδα
845 584 910 602 συν-

237 615 321 654 άγων.
347 618 401 652 66,
417 620 469 647 21.
493 615 624 655 συνέδριον
644 614 768 645 Εὐςοΐιιὲν
788 614 909 653 συνήγα-

235 669 291 696 γον.
309 662 362 696 67,
379 663 428 690 12.
453 661 637 698 μεταστῆναι
653 658 684 688 ἐκ
700 660 750 689 τοῦ
765 658 907 698 συνεδρίου.

235 703 290 738 70,
305 705 358 733 39.
381 701 512 742 συνέδριον
543 702 600 732 τῶν
633 701 770 732 Ἑλλήνων
800 701 907 741 μέλλει

233 745 445 783 συλλέγεσθαι.
463 747 516 782 89,
531 747 585 776 42.

193 787 325 828 σύνεδρος,
360 798 495 819 assessor
529 788 561 818 in
591 788 725 818 concilio
755 787 907 818 sociorum

236 829 426 861 Graecorum.
451 833 506 867 32,
522 834 574 862 27.
597 831 724 871 σύνεδροι,
739 830 906 862 concilium

233 873 403 914 legatorum
426 886 444 905 a
467 875 590 916 populis
614 873 732 905 Graecis
752 873 905 905 Athenas.

234 919 289 953 36,
304 920 334 948 2.
358 917 474 959 σύνεδροι
492 920 548 947 τῶν
566 918 749 958 συμμάχων.
774 919 827 952 39,
852 920 904 948 31.

234 961 397 991 ἀναστῆσαι
412 960 549 1002 συνέδρους
563 963 642 1001 παρά
653 972 735 995 τινος.
751 963 806 997 67,
824 963 876 991 12.

191 1002 388 1042 συνεθίζειν-
398 1003 498 1043 λέγειν.
512 1007 545 1041 4,
561 1007 613 1035 17.

189 1046 367 1088 συνεξαιρεῖν]
392 1047 556 1088 συνεξαιρεῖν
567 1049 651 1087 μετεὶ
666 1049 721 1078 τῶν
734 1047 829 1078 ἄλλων
838 1046 904 1077 Ἔλ-

233 1090 316 1119 λήνων
326 1088 666 1131 ἈθηναίοιςἈμφίπολιν,
677 1101 738 1120 una
754 1101 824 1120 cum
836 1091 904 1121 aliis

233 1131 353 1164 Graecis
366 1143 501 1165 asserere
514 1133 719 1175 Amphipolin
730 1133 904 1164 Athenien-

234 1176 330 1212 sibus,
343 1187 448 1207 eorum
464 1178 607 1207 hostibus
620 1183 770 1218 ereptam.
785 1180 838 1213 3⁶2,
852 1179 903 1207 28.

190 1220 461 1260 συνεπιστρατεύειν.
478 1223 531 1256 38,
548 1223 600 1252 29.

189 1263 325 1301 συνεργεῖν
338 1265 398 1296 τοῖς
411 1263 532 1303 ῥήτορσι.
550 1266 603 1299 54,
618 1264 670 1293 33.

187 1304 311 1346 σύνεσις]
334 1307 431 1346 ἀρετὴ,
447 1306 495 1335 καὶ
516 1306 638 1341 σύνεσις,
653 1306 700 1335 καῖ
719 1305 851 1342 ωαιδεία,
870 1311 905 1336 ut

230 1358 380 1388 personae,
398 1359 468 1389 quae
484 1349 675 1379 invocantur.
694 1351 747 1384 90,
764 1352 816 1379 31.

187 1392 445 1433 συνεφάπτεσθαι]
474 1392 724 1431 συνεφαπτόμενσι
747 1395 803 1422 τῶν
825 1404 904 1431 συμ-

229 1435 340 1476 μάχων
354 1436 450 1476 ὥσπερ
466 1434 492 1465 ἐν
506 1438 565 1469 τοῖς
580 1434 730 1466 σπένδουσι
746 1439 801 1466 τῶν
820 1436 903 1476 ἱερῶν.

232 1480 284 1513 59,
303 1481 353 1508 16.

186 1519 354 1562 συνέφηβος]
379 1521 526 1555 ἡλικιώτης
547 1519 616 1562 ἐμές
631 1521 679 1551 καὶ
695 1520 854 1561 συνέφηὲος.
871 1526 902 1558 7,

231 1565 283 1593 37.
308 1563 465 1600 συνέφηέοι.
482 1566 535 1599 50,
548 1567 601 1595 33.

187 1609 312 1648 συνεχῶς
337 1606 400 1641 ἔτος
425 1607 471 1638 ἥδη
499 1609 580 1637 τουτὶ
607 1606 697 1648 τρίτον
722 1610 902 1648 στρατηγῶν.

229 1653 284 1686 48,
299 1652 330 1680 6.

186 1694 340 1733 συνηγορεῖν
356 1693 420 1723 τινί.
437 1696 491 1729 30,
504 1696 556 1724 12.

185 1734 345 1777 συνηγορία]
362 1736 517 1777 συνηγορίαι
529 1739 585 1766 τῶν
595 1739 774 1776 στρατηγῶν.
787 1739 900 1773 54,33.

186 1779 343 1820 συνήγορος]
366 1781 502 1820 συνήγοροι
518 1781 661 1810 videntur
677 1781 790 1811 exemti
807 1781 901 1812 fuisse

228 1833 247 1853 a
270 1823 467 1859 necessitate,
495 1833 558 1864 qua
582 1829 675 1854 testes
703 1825 899 1859 tenebantur,

229 1866 389 1896 veritatem
417 1877 480 1897 suae
511 1867 790 1897 commendationis
822 1878 900 1908 prae-

229 1909 342 1940 standi.
355 1910 410 1946 51,
419 1911 449 1940 2.
465 1909 623 1951 συνηγόρους
634 1909 833 1952 παρέχεσθαι.
846 1914 900 1947 82,

227 1955 281 1983 23.

185 1993 326 2036 συνήθεια]
358 1996 396 2031 εἷς
423 1995 570 2026 συνήθειαν
593 1998 643 2027 τοῦ
670 1995 755 2034 λόγου
779 1994 899 2027 ἐποίησε

226 2041 409 2069 καταστῆναι
430 2041 478 2070 τήν
497 2039 588 2070 πόλιν.
611 2042 665 2076 ⁶23,
680 2042 733 2070 37.
758 2038 901 2080 διατριβαὶ

228 2081 277 2111 καὶ
301 2082 446 2112 συνήθειαι
472 2081 546 2121 μεθ’
569 2084 648 2122 ὑμῶν
670 2081 819 2123 ἐλεύθεροι.
845 2085 899 2119 31,

228 2127 281 2155 18.
298 2124 427 2155 συνήθεια
442 2128 496 2155 τῶν
510 2126 610 2166 φίλων,
625 2126 819 2157 consuetudo
830 2136 900 2156 cum

228 2168 345 2198 amicis.
360 2171 414 2204 48,
431 2171 484 2199 27.

183 2210 312 2251 συνήθης]
333 2211 422 2242 πόθεν
436 2209 479 2241 οὖν
495 2212 598 2254 ἴσχυκε
613 2213 661 2243 καῖ
676 2210 787 2245 σύνηθες
805 2211 899 2250 γέγονε

226 2253 260 2283 τὸ
275 2253 376 2292 λέγειν.
392 2257 444 2291 23,
458 2257 511 2286 33.

176 2296 318 2339 συνήθως]
346 2297 542 2338 ἀπορουμένοις
564 2299 769 2339 στρατοπέδοις
791 2299 900 2333 στάσις

226 2340 352 2374 συνήθως
366 2341 618 2382 παρακολουθοῦσα
637 2343 757 2376 στάσις.
773 2344 828 2378 45,
845 2345 898 2373 28.

183 2382 319 2417 σύνθεσις
343 2387 398 2414 τῶν
422 2383 576 2424 ὀνομάτων,
602 2391 656 2416 aut
679 2391 727 2416 est
752 2386 896 2417 confictio

225 2427 385 2457 nominum
400 2429 629 2466 ementitorum‚
647 2436 699 2459 aut
714 2430 897 2470 compositio

224 2470 385 2500 verborum
409 2470 441 2500 in
457 2471 607 2502 oratione.
628 2476 680 2508 48,
696 2475 748 2503 37.
779 2473 898 2513 ἀγαπᾷν

225 2514 275 2543 τὴν
289 2516 344 2543 τῶν
358 2513 500 2553 ὀνομάτων
516 2514 656 2545 σύνθεσιν.
673 2519 727 2551 74,
744 2520 772 2546 1.

158 2574 163 2578 -
182 2555 322 2597 συνθήκη]
346 2556 515 2598 ὑπερβαίνειν
535 2560 590 2592 τὰς
611 2557 757 2593 συνθήκας.
774 2561 827 2595 23,
843 2561 897 2590 30.

225 2599 263 2632 εἷς
284 2599 422 2631 συνθήκην
447 2602 524 2640 ἡμᾶς
550 2601 744 2642 κατέκλεισεν.
771 2605 824 2638 33,
843 2605 897 2632 40.

226 2643 380 2681 προλαβεῖν
393 2641 420 2673 ἐν
434 2645 501 2678 ταῖς
515 2643 662 2679 συνθήκαις
673 2647 752 2686 ἡμῶν
766 2646 895 2677 ἅπαντα.

226 2686 280 2721 52,
295 2687 326 2715 7.

181 2727 318 2758 συνθύειν.
333 2731 386 2764 61,
401 2731 432 2759 2.
449 2735 481 2760 et
495 2733 550 2766 71,
563 2733 592 2762 9.

183 2772 363 2812 συνιστάναι]
393 2771 480 2812 ἔρανον
505 2774 660 2804 συστήσειν
687 2772 897 2814 ἐπηγγέλλετο,

226 2815 401 2844 conciliare.
421 2818 473 2851 33,
491 2818 544 2846 27.
569 2818 735 2848 συνιστάναι
755 2818 806 2848 ἐπί
821 2831 896 2854 τινα,

225 2858 374 2888 adversus
385 2857 520 2899 aliquem
533 2859 675 2897 incitare,
685 2866 718 2891 et
730 2862 897 2897 adhortari,

225 2906 260 2930 ut
275 2901 307 2930 in
323 2900 502 2932 societatem
521 2902 594 2932 belli
609 2905 755 2935 adversus
767 2915 836 2934 eum
846 2916 898 2935 co·

225 2949 310 2974 eant.
326 2946 381 2980 38,
397 2946 449 2974 27.
473 2947 642 2977 συνεστῖὶναι
662 2946 711 2977 ἐπὶ
735 2951 785 2978 τὴν
806 2949 897 2984 πόλιν,

225 2987 335 3024 coisse,
350 2988 558 3029 conspirasse,
572 2990 683 3021 versari
699 2991 732 3021 iu
751 2991 897 3029 factione,

183 3039 263 3060 vot..
280 3040 304 3060 1.

1607 164 1657 204 81

988 277 1095 301 contra
1118 272 1285 302 civitatem.
1304 274 1358 308 44,
1375 273 1427 302 21.
1452 270 1499 301 ἐπὶ
1518 273 1559 301 τὰ
1574 272 1662 301 κοινά.

987 316 1042 350 46,
1055 317 1106 344 21.
1123 315 1204 353 μένος
1219 314 1350 355 ἐφ’ὑμῖἱς
1365 315 1393 344 οὗ
1406 314 1592 347 συνεστηκώς.
1606 317 1661 350 52,

987 360 1040 388 25.
1064 358 1224 391 συστάντες
1247 357 1295 388 ἐπὶ
1310 358 1344 387 τὸ
1361 357 1490 396 δημόσιον
1505 355 1538 386 τὸ
1553 356 1660 396 ὑμέτε-

987 412 1036 440 ρον.
1064 402 1117 435 6-2,
1141 401 1172 429 5.
1199 404 1248 430 14.
1280 401 1421 439 ὁμολογῶ,
1442 402 1482 430 τὰ
1510 403 1658 430 Λακωνικοὶ

986 445 1145 478 συστῆσαι,
1156 444 1204 472 aio
1219 450 1250 472 et
1264 444 1374 479 fateor,
1387 454 1405 473 a
1422 454 1470 473 me
1484 443 1657 473 Laconieos

987 487 1132 516 adversus
1165 486 1377 516 Alexandrum
1411 486 1559 517 tumultus
1590 497 1658 517 esse

985 530 1169 559 concitatos.
1185 531 1238 564 77,
1253 531 1305 558 130.

942 572 1074 603 συνοικία.
1091 574 1122 607 6,
1134 572 1189 602 ult.
1213 571 1283 601 οἰκία
1301 582 1317 601 a
1329 571 1450 611 συνοικία
1463 572 1586 609 differt3
1602 571 1657 602 illa

986 621 1034 645 est
1049 615 1170 650 domus,
1185 626 1278 656 quam
1296 615 1439 644 dominus
1455 616 1522 655 ipse
1538 615 1658 650 incolit,

985 658 1064 695 haec,
1085 669 1177 699 quam
1200 659 1268 688 aliis
1291 657 1488 688 incolendam
1511 659 1656 688 elocavit.

986 704 1038 736 15,
1056 705 1096 732 ’4.
1134 700 1271 736 συνοικίας
1301 708 1332 731 et
1361 699 1447 735 οἶκίας
1477 701 1655 732 differentia

984 744 1085 775 verbis
1101 745 1270 776 declarata.
1289 747 1342 782 17,
1359 747 1411 776 28.

940 786 1097 828 συνοικίζειν
1113 787 1228 829 λιμένα,
1251 794 1371 830 portum
1394 786 1514 828 replere
1536 787 1656 817 incolis.

984 832 1036 867 69,
1053 833 1106 862 29.

939 873 1099 914 σύνταγμα
1129 874 1285 914 συντάξας,
1312 875 1448 910 schema,
1474 873 1657 914 descriptio-

983 928 1055 948 nem
1086 918 1346 948 contributionum
1371 922 1575 948 commentus.
1602 919 1656 952 67,

983 963 1036 991 16.

938 1003 1087 1045 σύνταξις]
1111 1004 1259 1043 συντάξεις
1278 1006 1380 1034 τελεῖν.
1401 1005 1454 1039 66,
1473 1005 1526 1034 40.
1549 1003 1655 1033 συντά-

981 1048 1049 1087 ξεως
1056 1050 1195 1083 κοινωνεῖν,
1203 1048 1387 1088 participare
1395 1046 1656 1078 contributionem

982 1101 1037 1130 pro
1053 1091 1204 1132 cujusque
1221 1091 1422 1121 facultatibus
1442 1090 1608 1131 descriptae
1624 1096 1657 1119 et

982 1134 1155 1174 imperatae.
1173 1137 1226 1169 67,
1242 1138 1295 1165 21.

938 1178 1143 1217 συνταράττειν
1155 1180 1210 1211 τὰς
1225 1177 1329 1211 πόλεις.
1347 1179 1401 1213 42,
1418 1179 1449 1208 8.

938 1220 1123 1260 συντάττειν]
1155 1220 1390 1256 συντάττεσθαι,
1421 1219 1592 1259 depecisci,
1615 1219 1655 1249 de

981 1270 1145 1303 compacto
1170 1264 1357 1304 promittere.
1380 1266 1433 1298 14,
1455 1265 1509 1294 33.
1537 1263 1657 1292 συνετά-

981 1306 1073 1346 ξαμεν
1103 1307 1181 1346 ἡμᾶς
1208 1307 1320 1341 αὐτούς.
1346 1308 1400 1343 31,
1422 1308 1451 1336 8.
1486 1307 1656 1336 συντάττειν

979 1351 1059 1379 κατά
1084 1362 1147 1380 τινα
1172 1349 1284 1388 ψευδεῖς
1309 1347 1490 1391 κατηγορίας.
1523 1353 1576 1383 52,
1601 1351 1656 1379 36.

982 1392 1143 1433 σύνταγμα
1166 1393 1321 1432 συντάξας.
1343 1396 1397 1428 67,
1426 1395 1478 1423 16.
1513 1403 1655 1422 συντετα-

982 1435 1090 1476 γμένοι,
1107 1437 1161 1477 qui
1176 1447 1321 1476 recepere
1338 1442 1452 1466 certam
1467 1435 1652 1475 descriptio-

982 1489 1053 1509 nem
1063 1485 1095 1510 et
1107 1480 1207 1519 legem
1218 1480 1480 1510 contributionum
1491 1479 1655 1508 conferen-

981 1523 1100 1552 darum.
1117 1526 1170 1559 67,
1181 1526 1234 1554 28.
1256 1522 1482 1561 συντεταγμένον
1497 1520 1655 1562 προοίμιον,

979 1566 1183 1607 praeloquium
1203 1572 1267 1597 arte
1283 1567 1415 1596 oratoria
1431 1565 1652 1606 conscriptum.

981 1612 1034 1644 82,
1050 1612 1104 1640 32.

936 1653 1087 1688 συντελεῖν,
1103 1652 1162 1683 δ’σον
1176 1652 1317 1687 ἑκάστους
1332 1653 1394 1683 ἐ’δει.
1412 1655 1464 1688 67,
1481 1655 1534 1683 17.

936 1695 1099 1733 συντέμνειν
1113 1697 1219 1734 ἀνάγκη
1235 1698 1299 1731 τοὺς
1315 1696 1423 1734 λόγους.
1439 1698 1493 1732 32,
1512 1697 1565 1727 23.

935 1738 1105 1779 συντιθέναι]
1118 1738 1449 1774 συνθέσθαι,εοῃόίεει·ε
1458 1750 1526 1769 curn
1537 1738 1654 1779 aliquo,

979 1782 1119 1822 polliceri
1145 1784 1185 1813 de
1208 1788 1312 1823 pacto.
1332 1786 1363 1820 6,
1381 1786 1434 1813 41.
1465 1781 1654 1813 συντίθεσθαί

978 1836 1031 1855 τινι
1052 1828 1101 1857 τὴν
1123 1825 1256 1856 κοινωνίαν
1276 1829 1330 1855 τῶν
1351 1826 1494 1867 πράξεων,
1511 1836 1580 1855 cum
1597 1825 1652 1855 ali-

978 1878 1039 1908 quo
1055 1879 1153 1899 rerum
1169 1870 1418 1900 communionem
1442 1870 1501 1900 sibi
1523 1869 1653 1910 depeci-

978 1912 1033 1942 sci.
1048 1915 1102 1947 74,
1121 1914 1171 1943 15.

934 1953 1089 1996 σύντομος]
1114 1957 1149 1989 ὡς
1165 1954 1243 1991 δεινὸς
1257 1956 1305 1985 καὶ
1322 1955 1473 1996 σύντομος,
1496 1956 1528 1985 iu
1552 1955 1652 1985 brevi-

978 1991 1042 2028 fate
1081 1999 1231 2035 validum,
1268 2005 1415 2035 torosum,
1453 2000 1651 2035 lacertosum,

978 2051 1127 2082 magnum
1150 2043 1285 2073 oratione
1309 2048 1341 2073 et
1363 2047 1546 2073 contentum
1570 2053 1649 2073 esse.

977 2086 1032 2120 34,
1047 2087 1100 2116 36.

934 2127 1111 2168 συντρέχειν]
1135 2128 1339 2169 συνδραμόντος
1353 2127 1451 2170 ὄχλου.
1469 2131 1501 2164 9,
1516 2130 1567 2159 15.

933 2169 1085 2211 συντρίζειν
1099 2174 1139 2202 τοὶ
1153 2173 1296 2213 σκευάρια.
1314 2175 1345 2209 9,
1359 2175 1389 2202 8.

933 2212 1130 2254 συρίττεσθαι,
1147 2216 1314 2252 exsibilari,
1332 2226 1403 2247 cum
1422 2215 1519 2246 sibilis
1542 2214 1650 2256 explo-

976 2258 1019 2288 di.
1037 2260 1090 2294 64,
1106 2261 1157 2289 29.
1177 2265 1209 2290 et
1223 2261 1276 2295 86,
1291 2262 1343 2290 41.

932 2300 1105 2332 συσπένδειν.
1123 2305 1176 2338 61,
1193 2306 1224 2333 2.

933 2343 1094 2379 σύσπονδος.
1120 2347 1174 2382 50,
1197 2349 1227 2377 9.
1256 2345 1374 2386 μελετᾷ
1396 2344 1444 2377 ἐπὶ
1465 2346 1529 2380 τοὺς
1544 2343 1649 2377 συσσί-

977 2399 1041 2422 τους
1056 2389 1104 2418 nat
1119 2389 1301 2424 συσπόνδους.
1319 2391 1373 2425 35,
1391 2393 1441 2420 14.

931 2433 1090 2462 συσσιτεῖν.
1106 2434 1159 2468 30,
1175 2435 1228 2464 37.
1252 2437 1307 2468 44,
1322 2435 1375 2464 39.
1400 2438 1432 2463 et
1452 2434 1506 2468 61,
1521 2434 1552 2462 2.
1574 2442 1648 2462 συσ-

974 2477 1065 2505 σιτεῖν
1079 2476 1161 2515 αὐτῷ
1176 2476 1257 2510 οὐδεὶς
1272 2475 1374 2506 ἦθελεν.
1391 2478 1444 2511 41,
1461 2478 1491 2507 3.

931 2517 1083 2552 σύσσιτος.
1113 2522 1167 2555 50,
1189 2521 1218 2550 9.
1252 2520 1392 2554 σύσσιτος
1419 2519 1491 2559 ἀνήρ.
1519 2521 1572 2552 31,
1596 2521 1646 2549 12.

974 2561 1091 2601 μελετᾷ
1104 2561 1153 2592 ἔπῖ
1166 2564 1231 2596 τοὺς
1241 2562 1396 2595 συσσίτους
1410 2562 1457 2591 καὶ
1470 2561 1650 2596 συσπονδους.

975 2607 1028 2640 35,
1048 2608 1097 2635 14.
1123 2605 1271 2640 ἀπόκοιτος
1288 2608 1342 2636 τῶν
1357 2606 1512 2636 συσσίτων.
1530 2608 1583 2639 45.
1599 2608 1629 2635 2.

931 2647 1114 2689 συστρέφειν]
1139 2647 1211 2678 οὗτοι
1235 2651 1278 2678 νῦν
1295 2647 1342 2679 ἐπ’
1357 2647 1411 2687 ἐμὲ
1433 2647 1649 2688 συστραφέντες

972 2690 1080 2721 ἥκουσι.
1098 2694 1152 2728 52,
1170 2695 1200 2723 6.
1224 2691 1405 2731 συστρέφειν,
1431 2692 1594 2732 repentino
1618 2697 1649 2722 et

974 2734 1038 2765 cito
1058 2735 1178 2776 impetu
1201 2736 1318 2771 invehi,
1334 2736 1535 2766 conversione
1559 2735 1647 2776 quasi

975 2777 1068 2808 facta.
1086 2780 1138 2813 68,
1156 2781 1186 2808 Q,

931 2820 1090 2860 σφάλλειν]
1119 2820 1212 2852 ἐπειδὴ
1234 2820 1266 2850 ἐν.
1288 2822 1338 2850 τοῦ
1361 2823 1472 2862 φανεροῦ
1495 2823 1544 2851 τὴν
1567 2821 1648 2851 πόλιν

975 2864 1131 2903 ἄνθρωπος
1144 2865 1190 2894 οὐκ
1206 2864 1320 2894 ἠδρνατο
1333 2867 1454 2904 σφῆλαι.
1472 2867 1525 2901 71,
1540 2868 1592 2895 ΩΟ.

932 2907 1075 2946 σφάττειν
1089 2910 1153 2940 τοὺς
1169 2908 1300 2940 πολίτας.
1318 2910 1370 2943 27,
1386 2911 1436 2937 10.

931 2950 1055 2989 σφόδρα]
1079 2949 1251 2988 ἐπείγεσθαι
1265 2951 1373 2990 σφόδρα
1389 2950 1454 2991 πρὸς
1475 2954 1531 2984 τὰς
1547 2952 1647 2985 §.sc-144

976 2995 1028 3030 13,
1045 2997 1097 3024 41.
1121 2994 1354 3035 διαμνημονεύετε
1370 2996 1477 3036 σφόδρα
1493 2994 1526 3026 τὸ
1539 2996 1648 3035 μέλλον

935 3046 959 3065 u
