1916 3340
301 328 377 355 tror.
423 324 627 363 Copulantur,
648 335 703 356 seu
724 330 923 366 opponuntur
939 324 1020 354 inter

303 378 348 403 se,
376 367 405 397 αἱ
436 367 532 402 πόλεις
558 369 645 398 αὐταὶ
676 374 707 399 et
731 379 835 399 earum
863 369 1018 398 πολιτεῖαι.

302 411 472 441 reddidistis
490 418 517 441 et
540 413 616 450 ipsas
631 413 725 448 urbes,
745 419 771 442 et
793 414 932 451 cujusque
952 421 1021 440 con-

305 455 473 484 stitutiones
497 456 604 491 civiles,
629 456 768 496 legesque,
791 456 894 494 quibus
914 455 1022 493 guber-

304 503 432 528 uantur.
454 498 547 528 Wolf
555 499 681 529 dederat
691 500 798 533 αὐτοῖς,
813 503 844 527 et
854 498 1024 527 secundnm

306 550 375 570 eum
389 541 502 580 Taylor
517 552 650 583 quoque.
682 543 750 581 Ego
768 545 919 571 vetustam
937 538 1024 570 lecti-

308 594 398 614 onem
417 585 573 615 revocavi.
607 586 761 615 Praeterea
778 584 822 614 sio
837 585 932 614 verba
945 589 1026 613 sir-u

307 637 366 657 am.
390 627 536 668 ἀφήκατε,
553 639 614 664 και,
631 639 712 670 κυριοι
726 639 757 658 τ.
769 634 798 658 Ε.
812 627 960 667 γενόμενοι,
972 627 1027 661 τάς

309 680 343 699 τε
360 669 467 706 πόλεις.

352 713 430 743 ibid.
444 725 474 744 v.
492 716 544 744 17.
560 712 846 755 παξακαταθέμενοι]
870 715 957 743 Bene
974 713 1027 743 ha-

310 756 373 786 bet.
397 755 668 797 waganaem‘rfflnorw
690 757 737 799 (in
762 756 883 797 activo)
910 757 949 793 is,
975 756 1029 795 qui

308 799 421 838 pignus
442 801 525 840 apud
550 800 682 839 aliquem
698 801 836 840 deponit.
854 811 1028 842 παρακατα-

309 840 429 872 τίδεται
446 849 547 873 autem
563 842 611 884 (in
627 844 748 885 medio)
762 844 826 879 ille,
847 844 899 883 qui
918 844 1029 883 pignus

309 886 495 916 servandum
511 892 542 916 et
558 886 723 925 aliquando
737 887 929 917 reddendum
947 887 1027 917 acci·

310 929 369 968 pit,
386 933 418 958 et
432 939 529 968 penes
546 939 580 958 se
596 930 712 970 deponi
729 931 856 970 patitur.

355 972 382 1012 §.
398 971 457 1006 λβ’.
474 983 505 1012 p.
521 974 597 1003 207.
614 983 644 1003 v.
663 974 721 1004 ult.
742 972 811 1003 ἀλλ’
825 971 867 1003 οἶν
882 982 1030 1013 προσεποι-

311 1014 402 1054 οῦντο]
428 1016 559 1046 concise
580 1015 626 1046 sic
648 1017 765 1047 dictum
786 1027 843 1056 pro
864 1017 984 1055 integro
999 1020 1031 1046 et

312 1059 470 1098 explicato
494 1059 563 1089 hoc.
579 1059 627 1089 οὐκ
648 1058 721 1091 ὴσαν
744 1059 799 1100 μὲν
821 1060 888 1100 ὑμῖν
904 1060 981 1099 φίλοι
997 1059 1032 1093 ὡς

311 1102 440 1139 ἀληθῶς,
464 1104 544 1133 ἀλλὰ
567 1103 615 1132 καὶ
639 1105 680 1134 τοὶ
703 1105 846 1144 μάλιστα
870 1102 979 1144 ἐχθροί.
1002 1102 1031 1132 οὐ

311 1143 412 1185 μέντοι
427 1145 476 1187 ἐρῶ
491 1147 578 1176 τοῦτο
598 1147 640 1176 νῦν
662 1158 707 1186 γε,
722 1148 803 1177 ἀλλὰ
819 1156 1032 1187 πςοο-εποιουντο

313 1199 388 1227 your.

356 1243 389 1272 p.
412 1234 487 1263 208.
512 1243 541 1262 v-
562 1233 594 1262 3.
619 1231 804 1275 ἔνεχυςίαζεν]
831 1233 914 1263 Dedi
937 1231 1032 1262 ἐνεκω-

314 1274 428 1316 μίαζεν,
439 1280 563 1305 auctore
580 1275 804 1315 Cbrysococca,
817 1277 911 1316 quod,
925 1285 1033 1304 verum

316 1318 343 1347 si
364 1320 465 1349 minus
486 1323 546 1356 est,
562 1320 689 1359 vulgato
710 1324 795 1350 certe
817 1325 867 1349 est
887 1318 1033 1349 tolerabi-

312 1361 387 1392 lius.

360 1404 437 1435 ibid.
454 1415 485 1435 v.
503 1407 554 1435 16.
569 1405 736 1448 αἴσχιστοι]
761 1404 872 1435 Malim
893 1413 963 1433 oum
986 1413 1034 1433 ar·

315 1448 414 1478 ticulo
429 1449 470 1478 τοὶ
485 1447 646 1488 αἴσχιστα.

360 1491 387 1530 §.
406 1490 463 1529 ny‘.
488 1503 516 1531 p.
529 1494 603 1523 ⁴209.
621 1502 651 1522 v.
665 1493 696 1522 6.
713 1488 841 1531 aalma]
865 1487 1036 1528 Ἐμηπίπτει

317 1534 455 1564 Helmst.
472 1535 555 1574 quod
571 1535 693 1566 mallem
716 1544 795 1564 nunc
813 1544 831 1563 a
855 1543 903 1562 me
925 1533 1036 1572 praela-

318 1582 384 1607 tum
400 1588 480 1607 esse.

360 1621 437 1650 ibid.
457 1632 486 1650 v.
501 1623 531 1651 8.
542 1621 698 1662 στρατιᾶς]
723 1619 807 1650 Dedi
822 1617 986 1660 στρατείας.
999 1618 1038 1648 de

320 1664 379 1694 hoc
413 1665 493 1695 enim
524 1670 629 1703 potest
660 1665 789 1694 verbum
818 1661 1040 1703 παραγγέλλειν

320 1708 476 1746 usurpari,
492 1708 592 1738 minus
609 1709 648 1738 de
661 1708 769 1738 altero.

741 217 973 260 REISKII
1007 216 1340 259 ANNOTATA

1097 324 1172 354 ibid.
1191 335 1220 354 v.
1240 328 1291 355 11.
1308 323 1477 364 ἄνθρωπος]
1499 322 1595 362 Piget
1609 327 1670 354 tam
1692 324 1769 354 levi-

1056 367 1124 398 cula
1140 368 1330 405 consectari3
1354 367 1408 396 sed
1425 367 1555 396 dedecet
1576 367 1606 396 in
1623 367 1672 396 his
1692 367 1769 406 ipsis

1056 411 1182 440 minutis
1200 412 1274 441 labi.
1319 410 1450 447 Quoties
1465 411 1522 439 hoc
1540 410 1651 448 ingerit
1668 410 1771 440 Mark-

1057 455 1178 489 landus,
1195 455 1339 492 ignorans
1357 453 1481 483 Atticos
1504 454 1543 482 ad
1559 453 1708 483 vocabula
1725 453 1772 483 ἄν·

1058 497 1181 537 θρωπος,
1197 499 1268 538 hig,
1286 502 1316 527 et
1333 497 1394 526 alia
1413 497 1564 536 quaepiam
1579 496 1654 526 talia
1671 496 1772 525 solere

1060 540 1222 570 articulum
1239 541 1392 575 omittere,
1414 550 1504 579 quem
1530 549 1635 570 eorum
1659 549 1775 568 morem

1060 584 1193 613 debebat
1217 595 1285 614 eum
1316 589 1476 613 auctorum
1498 583 1673 614 Atticorum
1700 591 1772 612 usus

1061 627 1172 657 docere
1187 638 1195 664 ·,
1218 631 1338 666 poterat
1353 631 1449 656 certe.

1103 670 1181 700 ibid.
1198 671 1226 700 οὗ
1241 669 1336 710 κοινὸν]
1360 670 1467 699 Malim
1483 669 1531 699 οὐκ.
1545 669 1589 699 ἔτι
1604 667 1695 698 κοινόν.
1717 668 1776 697 boc

1063 714 1145 753 quod
1161 723 1240 743 nunc
1256 714 1339 750 dico,
1351 724 1409 743 non
1419 714 1483 752 jam
1499 712 1642 752 amplius,
1655 718 1688 742 ut
1705 711 1778 742 reli-

1063 767 1123 795 qua
1140 762 1222 793 sunt,
1234 757 1350 787 homini
1361 767 1431 787 eum
1447 756 1516 786 aliis
1533 765 1705 791 commune,
1722 754 1779 784 sed.

1064 800 1125 839 ipsi
1140 801 1298 839 proprium
1315 805 1373 830 est.

1106 854 1138 882 p.
1154 845 1228 874 213.
1241 855 1271 874 v.
1283 847 1313 874 8.
1330 842 1380 873 καῖ
1394 843 1444 872 τοῦ
1459 840 1532 883 Clau]
1555 840 1641 872 Nihil
1658 840 1708 870 hic
1724 840 1779 869 de-

1065 891 1125 916 est.
1139 888 1265 926 egregia
1284 890 1333 916 est
1351 885 1511 916 sententia.
1528 884 1599 915 κενόν
1618 889 1649 914 et
1670 881 1781 923 μεστὸν

1065 929 1144 960 inter
1160 941 1193 959 se
1210 935 1415 970 opponuntur.
1461 929 1571 958 Oratio
1588 935 1619 957 et
1635 928 1698 957 vita
1716 927 1781 956 ina-

1065 973 1114 1003 nis
1130 978 1177 1002 est
1199 983 1247 1009 ea,
1264 984 1332 1012 quae
1346 972 1503 1012 jactantiae
1527 971 1617 1011 plena
1639 980 1707 1000 cum
1727 969 1779 1004 sit,

1065 1020 1131 1046 tum
1144 1017 1277 1046 veritate
1293 1020 1341 1046 est
1355 1026 1457 1052 cassa,
1471 1015 1639 1045 multorum
1655 1022 1781 1052 magno-

1066 1070 1194 1099 rumque
1209 1060 1432 1099 promissorum
1456 1057 1720 1098 exspectationem
1742 1055 1782 1086 ad

1067 1107 1240 1133 extremum
1256 1103 1377 1132 fallens.

1111 1146 1187 1176 ibid.
1203 1157 1234 1176 v.
1246 1152 1392 1185 antepen.
1408 1143 1476 1185 orgaz,-
1491 1144 1555 1177 τοὺς
1565 1141 1712 1184 mesinae]
1729 1141 1786 1171 Vi-

1068 1189 1179 1219 dentur
1190 1190 1257 1220 haec
1269 1200 1285 1219 e
1298 1189 1416 1219 scholio
1432 1187 1617 1218 redundare.
1653 1189 1731 1217 Nam
1747 1185 1785 1219 εἷς

1066 1231 1160 1272 Ὠξεδν
1183 1233 1264 1262 idem
1287 1233 1375 1269 dicit,
1398 1242 1496 1271 neque
1519 1230 1695 1260 necessaria
1716 1233 1788 1258 sunt

1068 1276 1121 1305 illa
1139 1276 1287 1305 vocabula
1299 1276 1338 1304 ob
1352 1276 1519 1314 insequens
1535 1274 1636 1303 αὐτῶν.
1676 1273 1788 1302 Potest

1069 1319 1152 1348 enim
1168 1319 1226 1348 hoo
1238 1329 1278 1348 ex
1291 1319 1398 1358 oppidi
1411 1317 1532 1347 nomine
1545 1316 1591 1347 sic
1603 1316 1679 1346 satis
1694 1316 1788 1345 intel-

1068 1361 1136 1401 ligi.
1162 1362 1226 1391 Per
1249 1361 1359 1402 oppidi
1376 1371 1486 1391 nomen
1509 1360 1596 1390 cives
1616 1358 1787 1389 incolentes

1069 1404 1281 1443 designantur.
1297 1404 1409 1434 inclusi
1425 1404 1528 1442 itaque
1543 1402 1642 1432 uncis.

1112 1457 1146 1486 p.
1168 1449 1242 1477 214.
1260 1457 1291 1477 v.
1310 1450 1340 1476 1.
1361 1446 1431 1486 ωεξῖ
1452 1446 1644 1487 &murm-fl
1668 1446 1788 1476 Locum

1071 1489 1151 1519 huno
1167 1490 1205 1519 ab
1220 1490 1445 1529 interpretibus
1466 1500 1530 1530 pru
1547 1490 1713 1528 desperato
1734 1490 1788 1519 de-

1071 1533 1220 1572 positum,
1245 1543 1303 1572 ego
1324 1544 1446 1572 quoque
1469 1543 1599 1563 neeesse
1625 1532 1725 1562 habeo
1756 1537 1790 1562 nt

1072 1577 1294 1606 conclamatum
1306 1577 1491 1615 relinquere.
1515 1576 1647 1614 Quoquo
1660 1586 1709 1605 me
1723 1585 1792 1605 ver-

1073 1624 1117 1656 to,
1134 1620 1213 1650 nihil
1229 1620 1376 1659 expedio.
1402 1621 1461 1649 hoc
1480 1629 1572 1649 unum
1590 1624 1701 1654 tamen,
1718 1619 1794 1648 licet

1074 1664 1111 1693 ad
1127 1674 1190 1693 rem
1210 1674 1319 1702 parum
1335 1663 1466 1699 faciens,
1486 1663 1595 1693 afferre
1611 1663 1710 1701 juvat,
1734 1672 1793 1701 pro

1075 1706 1135 1746 περὶ
1150 1707 1285 1737 ἁπάντων
1302 1706 1364 1746 leg.
1384 1706 1482 1737 videri
1499 1704 1594 1746 ἰι-πέρας
1615 1707 1748 1735 ἁπάντων
1763 1706 1797 1734 in

365 1751 442 1780 ibid.
460 1761 488 1780 v.
503 1753 554 1782 15.
570 1753 613 1791 μὴ
631 1748 839 1790 διασφαληναι]
863 1749 912 1778 De
928 1749 970 1789 μὴ
987 1748 1040 1778 ad·
1063 1750 1132 1790 fine
1143 1760 1244 1780 rerum
1255 1755 1388 1780 extremo.
1403 1751 1440 1780 In
1454 1750 1589 1800 margine
1598 1748 1796 1788 Steplianinae

322 1794 425 1824 dendo
443 1794 485 1823 nil
503 1794 675 1824 intercedo.
719 1795 779 1824 Sed
800 1797 949 1832 praeterea
965 1802 1041 1830 quo-

322 1847 383 1876 que
395 1836 427 1866 τὸ
440 1837 609 1867 desiderari
624 1847 748 1868 censeo.
758 1838 873 1877 ω-ξῶτον
883 1834 937 1875 μὲν
951 1834 986 1865 τὸ
997 1836 1041 1874 μὴ

324 1881 426 1920 διασφ.

368 1923 445 1953 ibid.
463 1934 492 1953 v.
510 1925 560 1954 19.
577 1921 850 1962 ἔγκαταλειφθὲντι]
882 1920 934 1951 Sic
955 1920 1042 1950 dedit
1080 1934 1081 1937 ¹

326 1977 396 1996 cum
411 1966 491 1996 Aldo
508 1967 658 2002 Wolfius,
676 1977 775 2005 neque
791 1966 885 1996 video
898 1964 973 2003 quid
987 1964 1043 1993 hu-

322 2010 374 2050 jus
394 2009 538 2039 lectionis
565 2011 820 2049 reprehendatur.
867 2007 988 2037 Deserto
1007 2008 1043 2037 ab

325 2053 430 2083 amicis
452 2054 484 2082 in
506 2054 650 2092 periculo.
696 2053 844 2088 Alteram,
865 2061 954 2090 quam
976 2051 1043 2080 Ste-

325 2097 443 2136 phanus
459 2096 557 2131 dedit,
571 2095 771 2135 ἐγκαταληφθ.
787 2095 814 2124 si
830 2095 955 2124 codices
972 2104 1045 2123 con-

329 2140 495 2175 firmarent,
512 2139 564 2170 isti
579 2144 681 2169 tamen
698 2140 754 2169 sim
771 2139 968 2178 praelaturus.

371 2194 404 2222 p.
424 2186 500 2213 210.
523 2194 554 2213 v.
577 2185 608 2213 8.
635 2182 763 2223 γξάφων]
788 2181 896 2211 Malim
923 2179 1045 2221 ὑπογρά-

328 2233 386 2266 φων
401 2226 543 2261 colorans,
565 2227 702 2266 pingens.
726 2236 787 2255 non
811 2225 892 2255 enim
911 2224 991 2254 solet
1004 2224 1044 2253 de

329 2270 414 2305 fuco,
432 2270 483 2308 qni
501 2270 599 2299 oeulis
616 2269 708 2299 aliive
724 2269 769 2299 rei
783 2268 905 2298 decoris
921 2278 996 2306 ergo
1008 2266 1046 2296 il-

328 2313 445 2348 linitur,
462 2313 595 2352 simplex
613 2314 738 2354 γράφειν,
754 2313 809 2342 sed
822 2312 951 2342 alterum
967 2311 1046 2340 illud

330 2357 537 2395 compositum
551 2357 705 2396 usurpari.

375 2399 401 2438 ᾗ.
415 2398 466 2429 λδ’.
483 2410 515 2438 p.
527 2402 601 2429 210.
617 2410 646 2429 v.
666 2402 716 2431 16.
733 2399 773 2439 οἱ]
799 2400 861 2428 Aut.
876 2397 926 2427 hic
940 2397 1048 2427 delen-

330 2443 389 2472 dus
405 2448 453 2472 est
465 2443 624 2477 articulus,
639 2443 668 2471 id
683 2442 764 2480 quod
779 2442 909 2471 suadere
927 2440 1048 2471 videtur

330 2486 422 2515 etiam
436 2487 577 2515 defectus
593 2485 714 2514 articuli
730 2493 763 2514 αι·
775 2485 804 2514 in
820 2484 973 2523 proximis
985 2495 1050 2514 συν-

331 2527 412 2570 εδρίαι
436 2534 466 2558 et
489 2529 647 2569 συντάξεις,
667 2532 719 2558 ant
734 2528 892 2558 iterandus
914 2532 962 2557 est
981 2533 1050 2557 ante

334 2574 508 2603 τηλικοῦτοι.

377 2627 406 2656 p.
420 2618 494 2645 5211.
505 2626 535 2645 v.
548 2617 599 2646 21.
616 2613 668 2654 ’ἔφη
682 2612 854 2654 Commeat]
873 2613 1050 2653 interposui

333 2659 363 2689 δὴ
379 2670 396 2689 e
413 2658 578 2688 Meadiano
594 2658 737 2697 petitum.
756 2658 852 2697 quod,
871 2661 905 2687 ut
927 2657 988 2692 hic,
1008 2657 1052 2686 ita

333 2702 410 2732 alias
432 2702 603 2741 saepissime
623 2702 802 2731 tantundem
826 2700 987 2740 significat,
1007 2705 1052 2730 at-

333 2756 391 2784 que
409 2744 467 2780 ἦδη,
484 2747 584 2784 sejam
598 2745 713 2774 velle—

378 2799 410 2827 p.
428 2791 501 2820 212.
523 2798 554 2817 v.
581 2789 611 2818 6.
634 2785 878 2828 ’ω’ξαχθῆσεσθαι
901 2785 929 2816 δὲ
952 2786 1052 2815 ταῦτα

335 2831 398 2870 οἰκ]
423 2833 474 2861 Ex
498 2831 634 2861 Helmst.
659 2832 757 2860 ταῦτα
780 2829 911 2860 adscivi.
960 2831 1052 2859 Eram

335 2884 457 2913 quoque
470 2872 674 2915 πραχθήσεται
686 2873 970 2913 praelaturus,quod
988 2873 1053 2902 vul-

337 2922 408 2956 gata
433 2917 523 2946 etiam
551 2921 599 2946 est
619 2916 817 2956 exquisitim,
840 2926 907 2946 mea
929 2916 1053 2955 quidem

337 2961 502 2995 sententia,
519 2959 579 2990 nisi
592 2960 819 3000 praevidissem,
834 2960 911 2997 sore,
923 2960 974 2998 qui
985 2959 1053 2989 vul·

340 3008 442 3042 gatam
457 3004 649 3042 praeferrent,
662 3009 694 3035 et
705 3014 753 3035 me
768 3003 901 3035 novandi
916 3003 1054 3044 pruritus

343 3050 492 3076 notarent.

1076 1794 1160 1833 quod
1181 1793 1306 1831 legitur,
1328 1792 1353 1823 ἐν
1369 1793 1411 1833 τῷ
1430 1790 1619 1833 ψηφίσματι,
1642 1793 1747 1832 placet
1762 1792 1796 1821 id

1076 1837 1202 1876 quidem
1218 1836 1328 1876 magis,
1339 1847 1427 1876 qnam
1441 1835 1488 1866 ἐπὶ
1501 1848 1532 1865 τ.
1544 1834 1581 1873 ψ.
1604 1835 1687 1865 Sed
1680 1846 1711 1865 ιη
1726 1835 1795 1881 loco

1078 1883 1236 1918 corrupto,
1252 1889 1367 1918 anceps
1378 1879 1472 1909 fuerit
1488 1879 1668 1909 decernere.

1121 1923 1196 1952 ibid.
1219 1933 1249 1952 v.
1271 1924 1302 1952 2.
1319 1921 1417 1962 ἀξιῶν]
1442 1921 1626 1952 Praeferrem
1643 1921 1748 1960 ἀξιοῦν,
1767 1920 1796 1951 si

1079 1966 1197 2005 reliqua
1224 1966 1316 2004 hujus
1345 1965 1407 1995 loci
1432 1966 1507 1995 satis
1534 1970 1638 1994 essent
1666 1965 1796 2004 liquida.

1079 2011 1158 2039 Rem
1175 2009 1274 2047 ipsam
1293 2008 1391 2038 minus
1415 2013 1566 2038 tenemus.
1614 2007 1723 2038 Liceto
1737 2008 1797 2046 igi-

1079 2057 1129 2082 tur
1157 2052 1246 2082 uobis
1276 2052 1389 2082 malum
1423 2052 1501 2082 bene
1531 2051 1666 2091 positum
1702 2051 1798 2081 relin-

1079 2106 1185 2135 quere.

1122 2139 1200 2169 ibid.
1216 2148 1247 2168 v.
1262 2138 1293 2167 3.
1313 2136 1356 2167 δ’τι
1377 2135 1399 2166 δ’
1418 2136 1516 2169 ἀληθῆ
1535 2135 1626 2177 λέγω]
1651 2136 1799 2167 Breviter

1081 2181 1127 2212 sio
1143 2182 1236 2218 dixit,
1253 2192 1308 2221 pro
1322 2181 1414 2219 pleno
1429 2180 1472 2210 ἵνα
1488 2179 1510 2210 δ’
1526 2180 1615 2211 εἰδῆτε
1629 2177 1671 2210 δ’τι
1688 2181 1737 2209 ἀλ.
1754 2186 1785 2211 λ.

1123 2236 1156 2265 Ρ.
1173 2226 1247 2256 215.
1262 2235 1292 2254 v.
1307 2228 1357 2254 10.
1373 2222 1646 2263 ἐπαγγελλόμενον]
1675 2223 1798 2262 Reliqui

1082 2269 1164 2308 qnod
1185 2269 1352 2298 secundum
1368 2267 1482 2297 Aldnm
1498 2267 1595 2297 Wolf
1609 2267 1800 2297 reddiderat.

1081 2312 1256 2343 necessaria
1272 2311 1397 2351 quidem
1415 2311 1556 2340 videatur
1577 2309 1708 2340 Henrici
1730 2310 1799 2339 Ste-

1082 2355 1177 2395 phani
1201 2355 1354 2384 correctio
1377 2352 1629 2393 ἐπαγγελούμενον,
1655 2363 1744 2392 quam
1768 2352 1800 2382 in

1084 2409 1138 2429 suo
1154 2399 1181 2429 is
1198 2402 1290 2429 textu
1309 2397 1462 2427 exhibuit.
1509 2396 1727 2426 Verumtamen
1749 2406 1801 2425 su-

1082 2452 1209 2482 peresse
1225 2445 1329 2492 potest
1344 2440 1444 2470 adhue
1459 2440 1575 2478 aliquid
1588 2439 1688 2474 dubii,
1700 2443 1801 2469 utrum

1084 2486 1234 2516 verbum
1226 2496 1256 2514 ιη
1269 2484 1347 2514 vitio
1364 2484 1466 2518 cubet,
1483 2484 1552 2517 hoc,
1568 2493 1603 2512 an
1618 2483 1802 2529 praecedens

1084 2528 1254 2569 δεησόμενον.
1270 2528 1388 2567 utique,
1403 2527 1429 2556 si
1448 2522 1703 2564 ἐπαγγελλόμενον
1724 2526 1801 2555 bene

1083 2572 1187 2608 habet,
1203 2570 1420 2610 corrigendum
1439 2569 1498 2599 erit
1513 2568 1645 2608 δεόμενον.
1692 2568 1799 2605 Quare

1085 2615 1183 2645 satius
1196 2614 1290 2650 fuit,
1282 2625 1312 2643 in
1325 2624 1358 2643 re
1373 2612 1515 2652 ancipiti,
1530 2616 1659 2651 accepta
1671 2621 1689 2641 a
1704 2613 1800 2651 majo-

1085 2659 1170 2688 ribus
1186 2659 1308 2688 tradere
1321 2656 1467 2709 ppsteriS.

1127 2701 1204 2730 ibid.
1220 2703 1317 2731 v.12.
1340 2698 1503 2741 ἐλαχίστου
1516 2698 1633 2740 χαλκοῦ
1646 2696 1720 2727 οὐδὲν
1735 2695 1803 2726 δέοι-

1085 2743 1133 2784 το]
1158 2744 1339 2783 Suspicatus
1356 2742 1521 2782 aliquando
1538 2741 1604 2771 fui·
1595 2751 1625 2770 ιι]
1640 2738 1802 2781 ἐλαχίστου

1083 2787 1179 2817 latere
1199 2797 1310 2816 nomen
1331 2786 1376 2815 rei
1396 2785 1559 2824 turpiculae
1577 2788 1610 2814 et
1625 2786 1800 2819 contemtae,

1086 2841 1114 2860 e.
1131 2841 1159 2860 c.
1181 2830 1317 2860 πανίσκου
1330 2830 1418 2868 pavvi
1435 2829 1539 2864 Panis,
1559 2831 1612 2858 aut
1631 2824 1804 2866 σατυςίσκου

1085 2877 1138 2903 aut
1153 2872 1354 2913 πριαωίσκου
1347 2877 1397 2902 aut
1409 2870 1578 2912 ἐλαφίσκου.
1610 2871 1725 2901 Verum
1739 2868 1803 2908 ipsi

1086 2917 1159 2946 mihi
1172 2927 1250 2946 nunc
1264 2915 1386 2955 longius
1402 2915 1468 2945 haec
1484 2915 1628 2944 videntur
1643 2912 1802 2947 arcessita,

1088 2959 1349 3000 simplicissimum
1372 2963 1483 2992 autem,
1494 2958 1564 2993 hoc,
1584 2961 1616 2987 et
1633 2955 1739 2986 nescio
1764 2964 1803 2984 an

1086 3003 1171 3033 idem
1185 3003 1391 3039 verissimum,
1408 3007 1442 3032 ut
1455 3001 1575 3032 sublato
1590 2999 1673 3035 οὐδὲν,
1686 2997 1783 3045 quod
1783 3007 1800 3026 e

1088 3046 1147 3078 fine
1159 3050 1190 3078 et
1205 3045 1295 3077 initIo
1308 3045 1525 3078 vocabulorum
1537 3044 1678 3083 utrinque
1692 3039 1799 3082 proxi-
