1981 3322
764 190 1103 235 PRAEFATIO.
1629 190 1673 232 ix

192 303 332 345 n‘ssimi
352 304 410 344 tui
437 304 604 343 nominis
633 303 880 348 auctoritate,
902 308 984 340 tum
1004 300 1043 338 in
1065 298 1148 337 aliis
1169 297 1346 337 leviculis
1368 297 1527 336 sedulus
1552 313 1606 346 es,
1631 306 1670 337 et

191 373 334 413 mutas,
356 380 572 418 novasque,
592 366 658 404 ubi
691 365 746 403 nil
779 364 987 403 referebat.
1044 362 1181 400 Partes
1207 360 1390 411 profecto
1411 362 1584 398 muneris
1613 362 1670 399 tui

190 428 433 481 flagitabant,
450 429 603 479 tibique
624 427 884 478 imperabant,
902 432 958 472 ut,
979 424 1011 462 si
1027 423 1123 462 nihil
1137 423 1259 468 aliud,
1278 423 1353 461 hoc
1373 429 1479 460 certe
1497 436 1671 470 caveres,

191 497 236 529 ut
255 504 333 529 aere
355 491 422 529 illo
440 491 590 536 insano,
609 503 688 540 quo
705 489 928 527 chartarum
945 494 1099 526 tuarum
1117 484 1406 537 magnificentia
1429 484 1543 523 nobis
1565 492 1672 523 exte-

189 553 254 598 ris,
277 553 346 603 qui
365 552 414 591 ad
436 565 504 590 vos
524 552 735 589 Britannos
757 550 809 588 Iri
828 550 879 588 ad
901 549 1056 589 Croesos
1084 561 1232 593 sumus,
1253 546 1482 585 redimenda
1502 553 1577 593 est,
1601 548 1669 597 qui

191 628 272 654 rem
294 614 519 665 quaerimus‚
541 614 695 652 offuciis
714 612 941 651 adventitiis
963 624 1042 650 non
1063 610 1264 655 ducimur,
1294 622 1458 659 quarum
1479 609 1564 647 laus
1585 610 1674 648 arti-

191 676 258 715 fici
278 676 502 715 chartarum
522 681 562 714 et
583 675 830 727 typographo
852 674 1033 720 debetur,
1055 679 1206 711 textum
1228 672 1355 711 saltim
1377 671 1671 718 redimeremus,

190 751 268 776 non
295 737 480 776 sublestae
502 736 609 784 fidei,
642 751 722 776 non
749 737 1012 787 inquinatum,
1041 735 1111 773 sed
1138 735 1230 773 lima
1255 740 1324 773 tua
1343 733 1483 773 critica
1499 734 1671 785 perpoli-

188 807 286 853 tum,
305 807 347 840 et
360 801 411 840 ad
431 800 705 853 primigenium
721 800 902 847 nitorem,
921 812 998 850 qua
1019 804 1127 851 pote,
1151 802 1423 836 restauratum.
1454 795 1574 834 Grati
1591 796 1675 846 qui-

187 863 277 902 dem
297 863 529 915 accipimus,
552 876 642 915 quae
674 862 713 901 in
733 862 1059 901 annotationibus
1083 875 1105 900 e
1136 860 1246 899 libris
1273 859 1385 898 mstis
1416 858 1546 897 affers.
1595 858 1669 897 Sed

188 940 324 966 eorum
350 928 525 967 delectus
550 934 590 966 et
617 940 710 965 usus
735 940 814 965 non
837 926 1059 965 successori
1080 931 1149 964 tuo
1170 923 1451 975 relinquendus
1472 928 1570 968 erat,
1593 934 1672 959 non

189 990 498 1041 exspectandum
519 991 620 1041 ejus,
640 996 709 1028 aut
738 989 897 1028 lectoris
927 988 1122 1040 cujusque
1139 986 1353 1037 judicium,
1382 985 1451 1025 sed
1474 991 1573 1031 tute,
1604 984 1673 1035 qui

188 1052 382 1100 criticum,
404 1053 474 1104 qui
494 1053 682 1091 editorem
703 1050 950 1103 profiterere,
971 1057 1111 1089 auctor
1135 1050 1221 1087 fieri
1250 1048 1426 1087 debebas
1455 1046 1673 1086 lectoribus

189 1127 324 1153 earum
343 1114 576 1160 lectionum,
598 1126 697 1164 quas
719 1119 761 1151 tu
782 1112 1010 1164 probandas
1033 1124 1239 1157 censeres;
1269 1109 1488 1162 praesertim
1517 1109 1585 1159 qui
1615 1114 1676 1147 tot

187 1176 313 1215 lustra
333 1176 372 1214 in
390 1176 583 1224 conando,
605 1177 645 1214 in
666 1175 864 1215 moliendo
885 1188 1150 1214 consumeres.
1208 1173 1392 1224 Exempli
1415 1171 1582 1222 alicujus
1608 1185 1674 1210 ve—

187 1238 281 1277 teris
310 1239 549 1278 auctoritate
578 1239 611 1276 si
642 1245 783 1290 captus
814 1251 913 1285 eras,
936 1238 968 1276 si
990 1238 1064 1277 tibi
1083 1249 1337 1289 persuaseras
1357 1235 1408 1274 ab
1430 1236 1516 1286 ejus
1536 1247 1674 1272 norma

187 1300 260 1340 tibi
287 1301 394 1340 haud
418 1315 505 1340 esse
535 1301 837 1348 discedendum,
858 1314 929 1340 cur
948 1314 1028 1340 non
1049 1301 1237 1339 Aldinum
1256 1298 1483 1351 praetulisti,
1504 1297 1674 1348 antiqui-

186 1368 268 1401 tate
285 1369 392 1402 certe
412 1362 573 1414 fideque
595 1364 762 1410 codicis,
784 1377 806 1402 e
828 1377 909 1414 quo
930 1364 1116 1410 manavit,
1139 1363 1392 1402 venerabile?
1421 1368 1500 1407 aut,
1528 1361 1558 1397 si
1581 1360 1674 1398 huic

186 1425 394 1478 parcebaS‚
410 1426 692 1477 Stephanicum
715 1432 835 1473 certe,
858 1426 965 1478 quod
984 1432 1045 1465 est
1065 1432 1105 1464 et
1126 1425 1357 1476 parabilius,
1378 1428 1417 1462 et
1434 1423 1677 1462 correctius?

187 1488 246 1526 At
272 1501 376 1526 nunc
405 1487 598 1539 intelligo.
657 1489 891 1527 Genevense
919 1488 1154 1539 exemplum,
1178 1487 1325 1525 chartis
1350 1487 1530 1524 incusum
1561 1498 1675 1536 paene

187 1549 296 1596 atris,
315 1550 510 1600 vulgarius
530 1557 625 1597 erat,
654 1557 694 1588 et
719 1550 948 1600 parabilius,
971 1556 1010 1587 et
1037 1551 1164 1587 minor
1182 1550 1222 1587 in
1243 1562 1291 1587 eo
1311 1548 1434 1587 fiebat
1448 1548 1620 1598 jactura,
1642 1547 1674 1585 si

188 1611 485 1662 typothetarum
507 1612 678 1651 sordidis
706 1625 728 1650 a
754 1612 935 1650 manibus
961 1616 1304 1662 conspurcaretur.
1362 1611 1513 1649 Bellum
1535 1610 1673 1661 utique

188 1686 277 1711 cum
297 1673 534 1724 parsimonia
560 1688 639 1712 non
669 1687 778 1724 gero,
808 1687 926 1724 quam
955 1673 1136 1724 quotidie
1165 1673 1279 1711 disco
1308 1679 1349 1712 et
1377 1686 1542 1711 exerceo
1563 1673 1602 1710 in
1632 1686 1674 1711 re

186 1747 379 1785 perquam
412 1735 555 1774 accisa,
612 1736 746 1774 Didici
773 1742 918 1786 tamen,
948 1748 1055 1787 saepe
1085 1735 1239 1773 lucrum
1270 1748 1367 1782 esse,
1397 1735 1607 1787 pecuniam
1635 1735 1674 1772 in

185 1796 276 1835 loco
309 1798 520 1838 contemni.
577 1799 812 1850 Exemplum
847 1799 1129 1851 Tayloranum,
1166 1797 1274 1849 quod
1315 1798 1413 1836 tanti
1444 1811 1564 1849 penes
1603 1811 1674 1836 nos

187 1861 307 1908 venit,
327 1862 459 1912 operis
480 1861 574 1901 dedi
604 1861 921 1909 exscribendum,
947 1869 991 1900 ut
1012 1875 1145 1913 operae
1166 1874 1368 1913 parcerem
1396 1860 1674 1899 annotationes

185 1924 448 1964 exscribendi.
504 1924 699 1976 Stephani
725 1931 901 1963 oratores
934 1924 1158 1976 concerpsi,
1192 1937 1274 1975 quo
1304 1923 1459 1975 Lysiam
1487 1923 1673 1961 Venetias

186 1986 394 2035 mitterem,
415 1987 471 2026 ibi
491 2001 581 2027 cum
599 1988 739 2027 codice
760 1988 1007 2026 Bessarionis
1032 1987 1330 2027 conferendum.
1389 1988 1444 2025 At
1463 1992 1506 2025 tu
1527 1993 1672 2032 tamen,

189 2049 220 2087 si
253 2050 495 2101 parcendum
526 2051 731 2098 censebas,
761 2051 813 2089 de
849 2064 928 2101 quo
962 2051 1016 2089 nil
1048 2064 1206 2102 queror,
1242 2050 1418 2088 debebas
1449 2049 1672 2100 exemplum

187 2111 425 2151 Wolfianum
446 2127 470 2151 a
489 2113 669 2152 Roveriis
690 2114 866 2152 Genevae
883 2127 1064 2152 recusum
1080 2114 1188 2165 prius
1210 2114 1280 2151 abs
1295 2120 1333 2151 te
1356 2112 1567 2164 diligenter
1587 2126 1674 2151 cor-

188 2181 340 2213 rectum
362 2176 622 2228 typographis
649 2176 689 2214 in
709 2189 847 2214 manus
874 2175 983 2214 dare.
1040 2176 1113 2215 Sed
1136 2175 1327 2227 quicquid
1356 2175 1514 2213 tandem
1539 2175 1677 2213 subest

188 2249 332 2283 causae,
359 2250 428 2275 seu
459 2237 643 2288 segnities
671 2251 716 2276 ea
741 2238 831 2284 fuit,
857 2244 897 2276 et
919 2238 1184 2278 molestiarum
1212 2237 1416 2289 devitatio,
1438 2251 1505 2276 seu
1526 2238 1673 2289 impru-

188 2297 322 2337 dentia
341 2299 525 2349 quaedam
547 2306 626 2346 tua,
648 2300 831 2352 Taylore,
859 2299 997 2339 laudes
1018 2314 1063 2339 ea
1089 2300 1220 2351 operis
1253 2300 1324 2346 tui,
1350 2314 1429 2338 non
1453 2299 1674 2338 mediocres

189 2361 286 2399 alias
316 2361 482 2409 futuras,
515 2363 619 2401 haud
651 2376 788 2414 parum
820 2363 971 2402 minuit.
1030 2363 1244 2414 Reliquum
1274 2370 1405 2402 autem
1439 2364 1674 2415 Tayloranae

187 2424 369 2463 editionis
392 2424 694 2464 instrumentum
722 2425 827 2464 haud
855 2426 1187 2465 contemnendum
1208 2433 1289 2471 est3
1320 2425 1430 2477 quod
1462 2439 1575 2465 omne
1595 2440 1674 2464 non

189 2486 227 2524 in
252 2499 376 2525 meam
406 2487 524 2526 modo
551 2488 735 2526 transtuli
763 2488 991 2535 editionem,
1020 2489 1090 2528 sed
1121 2488 1210 2527 aliis
1247 2502 1410 2540 quoque
1443 2490 1555 2527 novis
1586 2489 1675 2527 auxi

189 2550 440 2589 ornamentis.
499 2551 561 2589 De
578 2550 722 2601 quibus
744 2564 848 2589 nunc
869 2550 1014 2591 dicam.

784 2688 956 2732 SECT.
991 2687 1076 2730 IV.

632 2788 698 2826 De
716 2787 887 2827 editione
906 2788 979 2826 hac
1001 2786 1217 2838 Lipsiensi.

247 2862 493 2906 Quibusdam
509 2866 548 2904 in
567 2866 684 2905 rebus
702 2866 753 2905 ab
771 2867 952 2906 instituto
971 2866 1131 2918 Taylori
1152 2880 1211 2905 me
1231 2866 1478 2913 discessisse,
1496 2868 1557 2908 vix
1570 2881 1673 2906 com-

193 2932 412 2965 memoratu
431 2928 593 2979 dignum
613 2936 698 2975 est;
724 2935 765 2967 ut
787 2930 826 2967 in
846 2929 935 2968 hoc.
976 2930 1121 2982 Taylor
1139 2928 1271 2968 Wolfii
1287 2931 1462 2969 Latinam
1485 2931 1673 2982 interpre-

192 2989 378 3028 tationem
399 3003 485 3030 cum
507 2998 615 3032 texto
637 2993 786 3032 Graeco
812 2993 940 3032 statim
970 2994 1261 3046 substravisset,
1283 3008 1355 3046 ego
1377 3009 1459 3033 eam
1483 2995 1520 3034 in
1539 3009 1673 3034 secun-

245 3062 345 3090 von.
370 3063 399 3089 1.
905 3055 924 3075 *
948 3069 967 3093 c
