1916 3340
317 196 424 245 332

318 295 424 332 tionis,
451 304 541 334 quam
562 295 655 325 verbo
679 294 852 327 καταπίνειν
874 296 925 326 hic
948 295 1034 326 attri-

317 339 396 374 buit,
413 338 555 368 addendo
571 338 593 367 εἲ
609 335 658 368 οἷόν
671 338 701 368 τ’
714 339 801 370 εἰπεῖν
817 338 979 369 emolliret.

361 392 394 420 p.
410 383 462 411 46.
481 393 511 412 v.
527 382 559 411 5.
583 381 683 422 αὐτὴν]
713 382 842 412 Praetuli
859 382 948 420 αὐτῷ.
966 392 1034 411 nam

316 423 397 454 inter
420 435 453 454 se
476 429 673 464 opponuntur
694 425 865 464 relinquere
888 425 978 460 bona,
1003 429 1035 454 et

317 467 427 497 relicta
441 478 638 504 conservare,
652 474 751 508 pater,
766 478 827 497 non
842 467 901 497 sibi
917 472 1033 497 tantum

319 521 396 550 opes
412 521 562 549 quaerens,
579 512 635 541 sed
652 522 703 541 eas
720 511 782 540 filio
802 521 925 549 quoque
941 511 1034 541 relin-

318 564 427 592 quens,
444 558 475 583 et
497 565 537 584 ex
554 554 650 584 altera
673 560 761 593 parte
777 554 857 583 filius
879 554 968 583 heres
989 555 1032 583 fa-

319 601 387 626 ctus
397 607 572 636 magnarum
586 608 690 637 opum,
701 606 776 636 quas
790 607 827 625 ne
841 597 894 626 sibi
907 597 1032 635 quidem

318 649 503 670 conservare
528 641 641 679 potuit,
657 641 772 669 nedum
793 644 828 669 ut
846 640 945 676 alteri,
968 640 1031 670 filio

319 693 387 718 suo,
403 683 601 722 relinqueret.

361 726 438 756 ibid.
455 737 485 756 v.
503 729 533 756 6.
550 724 664 756 ὄπισθεν
681 727 733 761 τῆς
748 725 870 767 πόλεως]
895 727 968 757 Ηοο
984 731 1032 757 est

316 767 349 798 in
364 774 451 808 parte
467 769 552 798 urbis
569 769 694 799 boreali.
725 771 913 800 Athenarum
928 770 1031 800 vultus

315 812 417 851 quasi,
431 812 462 842 h.
479 823 505 841 e.
522 817 717 852 prospectus,
733 812 766 842 in
788 823 870 843 mare
893 814 1030 852 patebat,

316 865 372 884 seu
392 855 431 884 ad
452 859 598 885 austrum.
616 855 738 894 postica
759 856 855 896 igitur
874 860 940 886 erat
960 866 1031 895 pars

314 897 462 934 borealis,
486 908 566 937 pone
593 899 765 938 acropolin,
789 909 856 938 quae
884 901 989 929 urbem
1013 909 1031 929 a

315 941 524 979 septentrione
539 940 675 972 finiebat.

358 983 385 1023 ᾧ.
401 983 437 1014 κ’.
454 995 487 1024 p.
503 986 556 1015 46.
574 996 602 1015 v.
622 985 674 1015 15.
689 984 774 1028 ἔργῳ]
798 986 948 1025 Superius
970 986 1029 1016 cri-

313 1036 395 1062 men,
426 1027 622 1057 scortationis
659 1034 746 1068 puta,
780 1029 872 1059 nullis
910 1034 1030 1068 poterat

313 1075 400 1100 actor
423 1071 557 1101 testibus
573 1071 761 1108 confirmare,
783 1074 862 1111 quod
887 1073 1028 1109 arduum,

312 1117 367 1143 aut
381 1118 524 1153 negatum
540 1114 645 1153 potius
660 1120 744 1145 esset
764 1115 903 1146 invenire
919 1120 1028 1153 testes,

312 1156 366 1195 qui
390 1157 480 1186 fidem
496 1168 582 1187 suam
599 1168 668 1188 cum
693 1157 833 1198 periculo
856 1159 967 1199 capitis
987 1160 1027 1189 de

311 1209 346 1229 re
362 1200 556 1239 interponere
573 1202 731 1238 auderent,
747 1202 839 1238 clam,
854 1203 963 1242 procul
979 1213 1026 1233 ar-

311 1241 413 1277 bitris,
445 1251 541 1282 gesta.
584 1245 785 1284 Quapropter
813 1246 853 1275 ad
885 1246 1027 1286 τεκμήρια

311 1286 550 1324 confugiendum
566 1292 643 1318 erat.
672 1288 736 1318 Hic
749 1292 850 1318 autem
862 1288 942 1328 ἔργῳ,
957 1290 1027 1328 ipsa

310 1339 356 1364 re,
376 1330 598 1368 producturum
616 1341 649 1360 se
674 1331 716 1361 ait
736 1336 822 1360 actor
837 1336 931 1361 testes
947 1332 977 1361 in
993 1343 1025 1362 re

309 1373 411 1410 palam
433 1377 530 1412 gesta,
552 1374 725 1413 neminique
746 1374 863 1413 ignota,
882 1375 1025 1414 nulloque

309 1425 379 1444 cum
395 1416 483 1444 testis
498 1416 636 1454 periculo
657 1419 828 1456 conjuncta.
872 1418 950 1447 Sunt
963 1417 1024 1456 ipsi

309 1461 407 1488 testes
430 1469 531 1488 coram
549 1459 693 1496 exhibiti,
716 1470 812 1498 eaque
836 1460 1024 1495 testimonia,

309 1511 377 1539 quae
402 1501 480 1541 ipsis
508 1502 644 1532 oratione
673 1503 881 1532 confirmanda
907 1513 1024 1542 propo-

307 1548 431 1579 nuntur,
445 1545 672 1575 confirmantes.
689 1545 762 1586 ἔργον
784 1546 952 1576 testimonii
969 1556 1023 1585 op-

308 1587 436 1626 ponitur
466 1589 532 1626 ejus
561 1588 682 1629 ῥήματι,
710 1600 779 1618 cum
807 1593 891 1617 actor
919 1590 1023 1619 verbis

305 1630 432 1669 quidem
456 1631 594 1667 affirmat,
617 1643 650 1661 se
674 1636 770 1661 testes
794 1632 850 1660 hos
875 1632 924 1661 vel
951 1632 1022 1662 illos

305 1683 374 1703 esse
396 1675 630 1712 producturum,
646 1679 743 1704 testes
766 1679 869 1703 autem
891 1673 953 1713 ipsi
976 1680 1022 1705 te-

305 1716 381 1746 stari
396 1721 550 1747 recusant.

346 1759 422 1789 ibid.
435 1771 466 1790 v.
480 1763 532 1791 19.
545 1760 695 1802 ὑποκξιτῇ]
721 1764 825 1792 Poeta:
842 1762 905 1801 ipsi
922 1773 1020 1802 saepe-

305 1812 431 1833 numero
447 1803 478 1832 in
501 1804 627 1840 fabulis,
650 1806 677 1834 si
698 1816 774 1844 quas
796 1816 812 1834 a
835 1816 867 1834 se
890 1806 1021 1844 scriptas

305 1847 443 1881 ederent,
454 1851 558 1885 partes
571 1847 754 1877 histrionum
768 1848 908 1887 agebant.
932 1850 1020 1878 Idem

304 1899 386 1928 saepe
401 1894 432 1919 et
447 1894 538 1928 poeta
554 1894 586 1919 et
601 1895 686 1920 actor
701 1891 811 1920 sabulae
828 1896 905 1921 erat.

345 1932 422 1962 ibid.
440 1943 469 1962 v.
493 1936 635 1972 antepen.
659 1933 692 1963 τὸ
716 1933 744 1963 δὲ
767 1934 881 1974 χωρίον]
913 1934 1018 1964 Facile

303 1974 429 2014 quidem
446 1976 486 2005 sit
501 1976 550 2005 τοῦ
565 1975 594 2006 δὲ
608 1975 711 2018 χωρίου
729 1978 903 2014 emendare,
919 1988 1019 2017 neque

302 2018 477 2057 repudiem,
489 2019 513 2047 si
530 2020 651 2057 probati
663 2021 738 2050 dent
749 2020 884 2050 codices.
908 2022 1020 2051 Potest

302 2064 404 2091 tamen
430 2062 553 2101 vulgata
580 2066 736 2101 praetextu
764 2063 938 2094 anacoluthi
965 2065 1019 2094 de-

302 2104 398 2134 fendi.

344 2147 421 2177 ibid.
449 2147 566 2180 ἄνω-σθεν
592 2149 643 2178 τοῦ
669 2147 798 2191 τείχους]
833 2150 895 2186 Sic,
921 2151 1020 2192 τεῖχος

301 2197 387 2230 puta,
404 2192 584 2231 oppidulum
598 2193 752 2232 Alopecas
769 2194 916 2233 appellat.
939 2195 1019 2224 Nam

300 2235 342 2263 de
358 2235 481 2264 moeniis
498 2237 684 2265 Athenarum
700 2236 750 2266 hic
765 2247 824 2266 non
837 2238 950 2276 agitur,
966 2248 1018 2266 ne-

301 2288 361 2316 que
377 2278 416 2307 de
432 2277 471 2307 iis
487 2283 535 2307 est
551 2280 781 2318 suspicandum,
798 2281 853 2310 sed
873 2281 912 2310 de
928 2281 1019 2320 oppi-

300 2321 374 2350 dulo
392 2331 447 2350 seu
463 2322 605 2358 castello,
624 2323 707 2361 quod
724 2323 800 2358 dixi,
817 2323 1018 2362 Alopecensi.

344 2373 375 2402 p.
399 2366 454 2393 47.
470 2375 500 2393 v.
524 2367 553 2394 1.
577 2363 743 2407 ἐνταφῆναι]
769 2367 846 2396 Post
867 2365 1018 2406 ἐνταφῆναι

301 2406 426 2436 videtur
438 2417 470 2445 γε
488 2408 611 2438 deesse.

343 2450 419 2479 ibid.
438 2461 467 2480 v.
483 2450 513 2480 5.
531 2451 582 2491 ὡς]
608 2452 694 2480 Bene
717 2451 819 2482 habet.
846 2454 883 2482 In
899 2451 1018 2482 κατέλι-

300 2503 351 2523 πεν
367 2493 548 2523 subauditur
571 2494 684 2529 αὐτοὺς,
703 2494 770 2524 scil.
796 2506 904 2526 servos
919 2500 950 2526 et
964 2506 1018 2526 an-

300 2536 402 2571 cillas,
419 2537 591 2575 fundosque
607 2538 743 2568 omniun.

342 2579 420 2608 ibid.
439 2590 468 2609 v.
483 2582 512 2609 8.
529 2579 677 2620 ἐδάνειζεν]
702 2581 855 2610 Timarchi
870 2586 946 2620 puta
962 2592 1017 2620 pa-

300 2626 360 2659 ter,
376 2622 532 2658 Arizelus,
545 2634 603 2653 non
619 2624 799 2653 Timarchus
814 2623 893 2663 ipse.

343 2675 374 2704 p.
392 2668 445 2696 47.
462 2676 492 2696 v.
518 2668 569 2696 15.
593 2666 620 2696 ἐν
645 2667 689 2706 ’τῷ
710 2667 797 2696 αὐτοῦ
826 2666 914 2708 λόγῳ]
941 2668 1018 2697 Vult

299 2708 416 2744 dicere,
438 2719 497 2738 non
523 2710 657 2740 omniurn
681 2709 855 2739 testimonia
878 2710 1017 2747 testium,

300 2762 377 2789 quos
394 2752 424 2781 in
449 2751 595 2782 universa
617 2753 674 2782 hac
690 2753 828 2783 oratione
850 2763 918 2782 mea
932 2764 1016 2783 com-

300 2795 480 2830 memoravi,
501 2795 557 2824 sed
583 2807 687 2826 eorum
711 2796 914 2831 solummodo,
941 2807 1017 2834 quos

300 2837 408 2867 eodem
438 2838 528 2876 hujus
558 2840 704 2869 orationis
735 2840 804 2869 loco
834 2840 1017 2878 complexus

301 2890 377 2910 sum.
402 2880 475 2919 λόγῳ
491 2883 519 2910 h.
538 2881 558 2911 l.
575 2881 658 2912 idem
683 2887 732 2912 est
754 2888 845 2922 atque
869 2881 948 2921 τόπῳ
969 2883 1018 2912 καὶ

299 2921 380 2961 μέρει
396 2924 446 2952 τοῦ
463 2924 556 2963 λόγου.

345 2965 371 3003 §.
388 2966 437 2996 κά.
453 2977 483 3006 p.
502 2970 554 2998 47.
578 2978 610 2997 v.
633 2971 683 2999 17.
706 2968 841 3010 ἀξγύριον]
867 2969 953 2998 Fort.
969 2968 1018 2998 καὶ

301 3008 430 3049 ἀργύριον.
450 3011 560 3041 Adhuc
571 3011 650 3040 enim
663 3011 786 3050 planum
796 3013 913 3042 fecerat
923 3016 1019 3048 actor,

750 204 982 248 REISKII
1014 204 1347 250 ANNOTATA

1068 299 1186 335 patrem
1208 295 1256 325 rei
1279 295 1342 326 filio
1358 296 1470 326 fundos
1490 301 1522 327 et
1541 297 1693 338 mancipia
1709 300 1782 330 reli-

1067 338 1184 377 quisse.
1215 339 1285 369 Jam
1299 339 1411 378 recipit
1423 340 1712 379 demonstraturum,
1724 352 1780 382 pa-

1067 387 1164 411 ratam
1189 391 1311 421 quoqne
1333 382 1498 422 pecuniam
1521 383 1684 415 Timarcho
1706 386 1778 416 reli-

1067 428 1146 454 ctam
1163 435 1241 454 esse.

1109 467 1184 497 ibid.
1206 479 1236 498 v.
1255 470 1306 499 ⁶20.
1331 467 1429 510 ἕτερον,
1449 467 1544 510 ἆγςόν]
1568 468 1721 507 Distinxi,
1744 478 1780 502 ut

1067 510 1198 541 debebat
1225 511 1302 548 fieri,
1332 516 1367 542 ut
1396 518 1480 542 esset
1509 513 1574 542 haec
1604 513 1778 544 sententia:

1062 558 1173 591 praeter
1186 554 1272 584 villas
1292 561 1362 585 ante
1378 556 1481 591 dictas,
1503 556 1625 596 reliquit
1647 557 1675 586 ei
1692 562 1779 596 puter

1065 594 1152 637 ἕτερον
1178 596 1265 638 (scil.
1288 597 1404 639 χωρίον)
1425 598 1516 629 aliam
1539 599 1662 640 (villam
1685 599 1778 641 puta)

1068 639 1219 678 Cephisiis,
1229 640 1370 682 fundum
1388 641 1457 683 (vel
1480 652 1586 681 agrum
1603 642 1670 672 sine
1687 643 1779 685 villa)

1065 682 1275 722 Amphitropis,
1290 690 1319 714 et
1333 685 1409 715 duas
1428 683 1560 725 officinas
1573 686 1743 717 metallicas.

1107 736 1140 764 p.
1160 728 1212 756 48.
1229 738 1258 758 v.
1275 730 1328 758 12.
1344 728 1477 768 ἦφίινισ-ε]
1502 728 1710 768 Disperdidit,
1733 731 1779 759 ef-

1063 768 1148 803 fecit,
1167 773 1200 799 nt
1214 770 1297 800 nulla
1317 781 1446 810 usquam
1460 772 1597 801 locorum
1615 771 1778 811 conspice-

1064 816 1160 848 retur,
1173 813 1309 843 funditus
1322 815 1457 844 sustulit.
1490 815 1568 844 Rem
1580 815 1658 844 adeo
1674 822 1775 846 notam

1064 860 1207 885 annotare
1245 857 1503 896 supersedissem,
1537 857 1597 888 nisi
1628 857 1776 889 vidissem

1063 897 1226 936 Taylorum
1253 900 1302 929 hic
1325 900 1365 930 de
1391 900 1471 940 οὐσίᾳ
1495 900 1599 942 φανερᾷ
1618 905 1650 930 et
1675 902 1780 941 ἀφανεῖ

1063 942 1170 972 nescio
1187 952 1255 982 quae
1271 943 1392 980 afferre,
1408 945 1486 973 bona
1509 944 1633 983 quidem
1648 943 1702 974 illa
1718 955 1774 974 suo

1063 983 1132 1014 loco
1159 985 1272 1021 futura,
1300 987 1337 1016 ab
1362 987 1421 1016 hoc
1448 990 1549 1016 autem
1575 987 1775 1018 alienissima.

1063 1028 1177 1058 Verum
1198 1029 1242 1058 ita
1258 1030 1359 1059 solent
1382 1029 1596 1069 antiquitatum
1616 1030 1775 1070 indagato-

1062 1081 1124 1101 reS.
1157 1072 1281 1102 Jactant
1300 1072 1444 1113 peritiam
1469 1082 1567 1109 suam,
1580 1073 1775 1104 immemores

1062 1114 1316 1154 circumspicere,
1332 1117 1534 1147 conveniatne
1555 1117 1600 1147 rei
1618 1117 1776 1156 praesenti,

1061 1168 1098 1187 an
1127 1157 1249 1197 minus;
1281 1159 1447 1189 dummodo
1474 1160 1701 1199 expromserint
1728 1170 1776 1197 ea,

1061 1211 1129 1239 quae
1142 1201 1195 1241 qui
1211 1202 1362 1242 ignorent,
1378 1203 1542 1233 videantur
1557 1203 1617 1233 sibi
1632 1202 1664 1232 in
1678 1204 1776 1233 leoto—

1059 1245 1145 1274 ribus
1168 1254 1290 1275 suarum
1306 1245 1596 1276 commentationum
1612 1247 1775 1277 nonnullos

1059 1287 1206 1323 habituri,
1230 1299 1298 1318 cum
1326 1288 1389 1317 sint
1411 1288 1564 1318 interdum
1588 1289 1719 1328 protrita
1743 1295 1775 1319 et

1060 1330 1205 1361 trivialia.

1102 1373 1180 1404 ibid.
1194 1385 1223 1404 v.
1236 1376 1286 1406 15.
1296 1373 1530 1416 ἀπολειφθέντος]
1548 1376 1703 1406 Sententia
1714 1381 1773 1406 est.

1059 1415 1229 1454 Arignotus
1247 1428 1314 1446 cum
1333 1418 1496 1457 aliquando
1521 1419 1671 1449 abfuisset
1693 1430 1710 1449 a
1725 1430 1774 1449 re-

1059 1468 1150 1488 censu
1168 1459 1283 1489 civium
1306 1460 1522 1498 invalidorum,
1539 1462 1651 1502 stipem
1673 1472 1691 1491 a
1706 1472 1774 1501 rep.

1058 1500 1231 1537 ferentium,
1244 1508 1419 1541 expunctus
1431 1514 1471 1533 ex
1482 1504 1552 1534 albo
1567 1505 1676 1535 fuerat.
1701 1507 1775 1544 Quo

1058 1544 1138 1573 sacto
1164 1545 1358 1585 supplicabat
1380 1547 1512 1582 senatui,
1535 1553 1569 1577 ut
1590 1549 1772 1578 beneficium

1056 1586 1114 1617 hoc
1138 1588 1200 1617 sibi
1222 1589 1416 1625 redderetur,
1439 1590 1491 1620 die
1515 1591 1690 1626 observata,
1711 1602 1771 1631 qua

1056 1630 1246 1668 Timarchus,
1268 1643 1308 1662 ex
1330 1633 1423 1663 fratre
1448 1644 1560 1673 nepos,
1575 1635 1771 1674 praesideret.

1056 1674 1129 1703 Hoc
1159 1679 1260 1705 autem
1289 1675 1332 1705 nil
1363 1682 1488 1707 curante
1518 1687 1639 1707 causam
1669 1678 1771 1717 patrui

1055 1719 1319 1749 commendatione
1342 1725 1374 1750 et
1398 1720 1581 1750 auctoritate
1607 1730 1663 1750 sua
1684 1722 1772 1760 adju-

1055 1770 1140 1797 vare,
1150 1761 1221 1791 tulit
1235 1763 1401 1801 repulsam,
1413 1768 1445 1792 et
1461 1763 1541 1803 stipe
1558 1763 1697 1803 privatus
1710 1771 1770 1801 est,

1055 1814 1144 1842 quam
1161 1808 1306 1844 prytanes
1322 1816 1361 1835 ex
1378 1807 1487 1836 aerario
1502 1807 1628 1846 publico
1646 1807 1771 1838 civibus

1054 1847 1161 1885 egenis
1175 1853 1206 1877 et
1222 1848 1368 1878 invalidis
1385 1860 1511 1889 erogare
1526 1850 1674 1880 solebant.

1096 1900 1127 1928 p.
1147 1893 1199 1921 49.
1222 1901 1251 1921 v.
1275 1894 1306 1922 8.
1321 1891 1389 1921 ἀλλ’
1406 1893 1453 1922 οὔκ,
1469 1892 1533 1922 ἔστι
1548 1894 1648 1934 τοῦτο]
1673 1893 1770 1923 Vide-

1053 1936 1102 1962 tur
1119 1938 1221 1963 orator
1235 1934 1279 1964 sic
1296 1935 1459 1974 reliquisse
1475 1934 1545 1965 ἀλλ’
1556 1936 1603 1966 οὐκ
1619 1935 1684 1966 ἐστὶ
1704 1938 1769 1966 τοῦ·

1051 1987 1095 2005 το.
1108 1975 1138 2005 in
1152 1977 1337 2007 nominativo
1354 1978 1475 2017 generis
1486 1980 1635 2009 neutrius.
1662 1978 1770 2009 Verum

1051 2029 1129 2049 secus
1150 2019 1202 2051 hoc
1226 2020 1321 2050 habet.
1343 2021 1391 2051 οὐκ.
1410 2020 1476 2052 ἔστι
1492 2022 1584 2062 τούτῳ
1599 2022 1648 2064 (in
1663 2023 1769 2052 dativo

1052 2063 1176 2102 generis
1197 2064 1376 2105 masculini)
1391 2064 1486 2095 λοιπὸν
1499 2064 1581 2095 οὐδέν.
1619 2065 1709 2096 Nihil
1722 2076 1769 2096 re·

1052 2116 1121 2136 rum
1137 2108 1270 2136 omnium
1287 2107 1357 2137 huic
1368 2107 1566 2149 (Timarcho)
1582 2114 1724 2148 superest.

1095 2149 1172 2179 ibid.
1193 2161 1223 2180 v.
1249 2152 1278 2181 9.
1295 2149 1383 2191 οἶκία]
1409 2151 1473 2181 Ubi
1500 2151 1631 2191 quisque
1655 2152 1687 2181 in
1711 2162 1768 2182 suo

1052 2193 1178 2232 proprio
1201 2193 1327 2223 habitat.
1347 2192 1483 2235 συνοικία]
1506 2195 1616 2225 domus
1636 2195 1706 2225 aliis
1728 2197 1767 2226 ad

1051 2236 1281 2266 inhabitandum
1297 2238 1442 2267 mercede
1459 2238 1588 2268 elocata.

1096 2278 1122 2318 §.
1145 2278 1202 2312 ufi'.
1226 2290 1257 2319 p.
1275 2282 1327 2311 49.
1343 2290 1374 2309 v.
1398 2281 1454 2310 ult.
1480 2279 1527 2310 ἐπ’
1546 2279 1619 2311 ἐννέα
1643 2279 1769 2321 ὅβολοῖς]

1054 2322 1348 2362 Sesquifoenoris.h.
1366 2334 1395 2353 e.
1420 2323 1566 2363 ingentis.
1595 2334 1663 2354 nam
1691 2325 1767 2354 alias

1053 2369 1165 2395 statum
1179 2371 1209 2395 et
1219 2367 1347 2404 vulgare
1361 2366 1460 2397 foenus
1473 2367 1505 2396 in
1519 2367 1656 2406 singulas
1668 2367 1767 2397 minas

1053 2413 1139 2438 erant
1164 2409 1230 2439 seni
1256 2410 1350 2446 oboli,
1377 2420 1432 2440 seu
1459 2410 1611 2440 drachmae
1636 2410 1766 2451 singulae

1053 2456 1228 2483 menstruae.

1095 2506 1128 2534 p.
1148 2497 1201 2526 50.
1220 2506 1250 2526 v.
1267 2496 1298 2526 5.
1325 2495 1553 2537 ἐκμαρτυρῆσ-αι]
1579 2495 1708 2532 Dubito,
1725 2495 1768 2525 si-

1054 2539 1217 2577 gnificetne
1227 2540 1284 2568 hoc
1296 2541 1424 2570 verbum
1433 2538 1619 2580 ἐκμαρτυρεῖν
1629 2540 1686 2569 hoc
1697 2539 1767 2569 loco

1053 2582 1234 2621 simpliciter
1256 2582 1430 2618 enunciare,
1445 2583 1628 2622 praedicare,
1649 2593 1704 2612 suo
1722 2587 1768 2612 te-

1052 2624 1194 2655 stimonio
1211 2625 1412 2664 proclamare,
1428 2635 1464 2654 an
1489 2625 1534 2661 id,
1550 2626 1633 2665 quod
1653 2625 1684 2654 in
1700 2625 1768 2655 foro

1052 2667 1158 2698 Attico
1186 2668 1358 2707 significare
1381 2668 1510 2705 solebat,
1539 2679 1597 2707 per
1627 2668 1767 2698 testimo-

1051 2710 1136 2740 nium
1151 2711 1250 2740 literis
1267 2711 1494 2750 consignatum,
1511 2713 1550 2741 ab
1567 2713 1706 2746 absente,
1718 2711 1767 2741 vel

1051 2753 1268 2793 peregrinante
1283 2755 1321 2783 ad
1340 2755 1465 2793 judices
1491 2755 1632 2791 missum,
1649 2753 1768 2793 aliquid

1053 2797 1242 2827 confirmare.
1267 2798 1329 2827 Sed
1345 2798 1416 2827 huic
1432 2798 1597 2836 posteriori
1613 2798 1705 2827 modo
1721 2797 1767 2826 in-

1052 2840 1244 2878 terpretandi
1260 2841 1361 2870 obstat
1385 2841 1561 2879 adjunctum
1582 2841 1656 2881 δεῧςο
1674 2851 1768 2880 παρα-

1052 2884 1142 2912 καλῶ.

1096 2925 1122 2964 §.
1138 2924 1194 2964 κγ’.
1211 2937 1242 2965 p.
1257 2926 1310 2956 50.
1327 2937 1359 2956 v.
1377 2928 1429 2957 ΞΩ.
1446 2925 1586 2958 ἐβούλευεν
1597 2922 1690 2965 οὗτος]
1715 2926 1767 2955 Ιη-

1053 2969 1220 3007 telligimus
1236 2979 1276 2998 ex
1295 2970 1445 3006 hocloco,
1461 2980 1522 3008 quo
1534 2979 1611 2999 anno
1623 2973 1767 3007 suscepta
1812 2990 1815 2991 ν

1055 3012 1096 3042 sit
1111 3012 1176 3042 haec
1192 3012 1222 3042 in
1238 3012 1433 3043 Timarchum
1449 3014 1486 3042 ab
1502 3011 1651 3044 AEschine
1673 3010 1767 3041 aetio.
