1966 3340
286 217 330 256 xl
789 215 840 257 C.
874 215 920 257 F.
954 212 1251 256 MATTHAEI

285 319 342 357 vir
374 319 560 358 honestus
594 319 778 371 idemque
812 327 943 360 orator
980 321 1017 359 in
1056 320 1206 370 agendo
1240 318 1490 370 dicendoque
1523 317 1638 358 facile
1670 318 1751 357 sine

283 382 415 420 studio
445 389 485 421 et
510 389 594 422 arte
623 383 826 422 indicabit.
885 384 1008 433 Igitur
1034 390 1074 421 et
1093 383 1308 428 AEschines,
1338 395 1416 420 non
1448 383 1630 433 profecto
1653 381 1752 427 talis,

285 445 440 494 qualem
456 445 746 484 Demosthenes
764 446 1004 484 adversarius
1021 446 1106 495 ejus
1127 452 1166 483 et
1182 445 1346 482 aemulus
1360 444 1578 495 descripsit,
1602 444 1748 494 ubique

284 506 324 543 in
344 506 601 554 orationibus,
622 521 662 545 se
682 521 766 545 esse
787 507 908 545 virum
931 507 1138 545 honestum
1159 512 1199 545 et
1216 508 1337 544 civem
1361 507 1521 551 bonum,
1537 505 1756 543 luculenter

285 567 581 607 demonstravit.
639 569 686 606 In
711 581 778 606 sua
799 569 915 606 laude
937 569 1150 614 modestus,
1173 572 1219 616 (κ.
1239 568 1411 622 Τιμάρχ.
1433 574 1463 618 ξ.
1485 570 1535 606 κε’.
1561 583 1602 604 π.
1621 566 1756 617 Παρα-

285 629 422 681 πρεσβ.
442 629 470 669 ἑ.
494 630 551 674 ιζ’.
572 629 657 678 fin.)
677 629 714 667 in
735 629 895 667 aliorum
917 630 1138 667 calamitate
1161 629 1362 674 humanus,
1385 634 1434 680 (tc.
1454 629 1617 680 Κτησιψ.
1638 634 1668 678 §-
1691 627 1755 664 κθ’.

286 707 318 729 κ.
336 691 508 744 Τιμάρχ.
532 698 565 742 ξ.
589 690 679 739 κβἍ)
707 691 744 728 in
778 691 1110 742 reprehendendis
1140 690 1294 741 flagitiis
1324 689 1434 728 fortis
1465 696 1504 728 et
1537 688 1756 727 inimicitia-

286 766 370 790 rum
401 758 639 803 contemtor,
659 756 705 801 (κ.
727 752 897 804 Τιμάρχ.
926 756 957 799 ξ.
988 752 1052 789 λα’.
1085 753 1186 790 med.
1219 768 1259 790 π.
1290 750 1541 804 Παραπρεσβ.
1570 756 1602 800 ξ.
1633 749 1696 787 κδ’.
1718 763 1758 799 p.

285 814 386 862 init.)
415 814 453 852 in
487 814 711 852 enarrandis
742 814 856 852 factis
886 814 1126 864 turpioribus
1161 813 1344 864 pudicus,
1375 816 1423 861 (κ.
1450 813 1624 865 Τιμάρχ.
1644 812 1672 852 ἑ.
1695 810 1758 859 ιβ’.

286 875 370 914 init.
388 874 472 924 fin.)
488 878 527 913 in
544 876 765 914 accusando
780 876 889 922 lenis,
910 876 947 913 in
968 875 1169 913 suadendo
1186 875 1310 925 gravis
1328 881 1369 913 et
1384 875 1583 919 honestus,
1600 873 1711 925 (ibid.
1727 876 1759 920 ξ.

286 940 335 976 κέ.
354 944 444 988 post
464 939 584 987 med.)
599 951 690 988 erga
704 938 904 976 inferiores
926 937 1142 988 popularis,
1157 937 1267 986 (ibid.
1285 939 1316 982 ξ.
1331 938 1374 982 ζ’.
1389 937 1491 984 init.)
1510 936 1549 973 in
1566 935 1759 986 castigan-

286 999 347 1036 dis
368 998 518 1036 civibus
539 999 728 1050 improbis
748 999 885 1049 patriae
906 1012 1052 1044 amans,
1072 998 1184 1047 (ibid.
1205 1001 1233 1045 ξ.
1263 998 1332 1036 λα’.
1349 997 1434 1046 fin.)
1450 997 1488 1035 in
1509 996 1760 1034 defendenda

286 1059 466 1098 libertate
485 1060 714 1110 reipublicae
735 1066 1006 1110 propugnator
1026 1066 1206 1097 strenuus
1228 1065 1266 1097 et
1286 1072 1388 1097 acer.
1433 1059 1620 1108 Magnam
1643 1057 1760 1108 igitur

287 1121 327 1159 in
357 1121 504 1160 animos
534 1121 778 1160 audientium
804 1123 890 1172 ejus
920 1121 1113 1160 orationes
1149 1121 1329 1158 habuisse
1359 1122 1436 1158 vim
1465 1119 1653 1158 credibile
1685 1124 1759 1157 est.

289 1182 365 1221 Sed
385 1183 435 1221 ad
458 1182 773 1234 persuadendum
794 1196 871 1221 non
894 1183 1048 1229 sufficit,
1070 1183 1100 1220 si
1117 1182 1314 1220 auditores
1335 1182 1504 1233 aliquam
1525 1182 1574 1219 de
1591 1181 1758 1219 dicentis

289 1245 463 1284 moribus
486 1246 656 1284 habeant
675 1245 911 1296 opinionem.
968 1245 1070 1283 Nam
1098 1251 1137 1282 et
1164 1245 1203 1291 ii,
1232 1244 1299 1296 qui
1330 1243 1506 1290 audiunt,
1529 1243 1680 1294 aliquas
1702 1256 1759 1280 se-

288 1320 377 1346 cum
403 1307 569 1346 afferunt
590 1308 793 1358 opiniones
820 1313 859 1346 et
880 1306 1082 1354 ὂιαθὲσεις,
1104 1307 1154 1345 ad
1184 1320 1281 1358 quas
1309 1313 1441 1345 orator
1473 1321 1513 1344 se
1538 1318 1760 1344 accommo-

288 1370 381 1409 dare
411 1371 541 1409 debet.
600 1372 697 1417 Has,
720 1370 813 1421 quia
846 1376 1011 1421 propter
1040 1376 1212 1419 aetatem,
1235 1370 1445 1415 fortunam,
1468 1368 1609 1414 studia,
1631 1367 1761 1418 reipu-

289 1432 406 1471 blicae
426 1432 588 1471 formam
610 1439 650 1471 et
667 1433 743 1470 alia
758 1432 935 1482 ejusdem
957 1432 1108 1483 generis
1128 1432 1290 1479 variant,
1312 1445 1389 1469 non
1412 1432 1538 1468 solum
1559 1435 1690 1467 orator
1703 1429 1763 1466 di-

290 1494 456 1545 ligenter
476 1495 654 1546 cognitas
686 1495 845 1541 habere,
868 1508 1000 1532 verum
1031 1494 1146 1532 etiam
1176 1493 1222 1531 iis
1244 1494 1457 1544 prudenter
1477 1493 1524 1531 ad
1557 1492 1762 1530 utilitatem

290 1569 399 1594 suam
419 1557 492 1603 uti,
513 1570 658 1607 easque
679 1556 751 1594 sibi
772 1557 988 1594 contrarias
1011 1561 1160 1593 mutare
1182 1561 1221 1593 et
1242 1556 1454 1593 conciliare
1477 1554 1609 1598 debet.
1666 1553 1764 1591 Inde

288 1618 436 1656 sactum
457 1624 532 1664 est,
555 1624 597 1656 ut
616 1617 823 1656 AEschines
850 1617 950 1656 inter
970 1617 1240 1663 Athenienses,
1270 1616 1338 1667 qui
1366 1615 1559 1666 majorum
1592 1615 1764 1653 auctori-

290 1685 424 1726 tatem,
450 1679 687 1724 libertatem,
716 1680 818 1729 leges
838 1686 877 1717 et
907 1679 1056 1716 litteras
1077 1692 1220 1728 magno
1248 1679 1285 1716 in
1310 1678 1457 1715 honore
1485 1677 1698 1723 habebant,
1721 1690 1765 1714 ea

290 1741 511 1779 auditorum
544 1740 731 1791 opinione
760 1741 799 1777 in
827 1753 907 1777 rem
943 1752 1051 1777 suam
1085 1739 1233 1777 utiliter
1264 1746 1451 1777 uteretur.
1509 1739 1627 1788 Saepe
1663 1738 1764 1775 enim

290 1816 358 1841 eos
384 1801 592 1840 laudandis
621 1803 813 1853 majorum
846 1801 962 1839 factis
991 1801 1038 1838 ad
1075 1801 1256 1839 virtutem
1284 1803 1443 1847 excitat,
1473 1801 1693 1845 libertatem
1725 1806 1765 1838 et

290 1865 397 1914 leges
418 1865 456 1902 in
472 1864 655 1914 judicum
676 1864 912 1915 negligentia
926 1863 1144 1913 periclitari,
1161 1863 1298 1909 docet,
1315 1869 1520 1913 poetarum
1540 1863 1628 1900 loca
1646 1863 1684 1900 in
1707 1875 1767 1900 re-

291 1926 588 1977 prehensionem
613 1925 926 1963 adversariorum
959 1924 1133 1963 adhibet.
1191 1925 1379 1969 Juvene5‚
1402 1925 1469 1974 qui
1499 1924 1675 1975 aderant,
1696 1924 1767 1961 ho-

291 1988 453 2026 nestatis
473 1987 604 2026 reddit
631 1987 841 2033 studiosos,
864 1993 903 2024 et
924 1993 1145 2037 parentum,
1168 1986 1236 2037 qui
1259 1986 1424 2024 libenter
1445 1986 1537 2024 talia
1563 1991 1768 2037 praecepta

293 2050 473 2096 audiunt,
503 2049 692 2101 (quilibet
711 2049 813 2087 enim
840 2048 984 2087 liberos
1014 2061 1104 2086 suos
1133 2049 1216 2086 vult
1244 2061 1329 2086 esse
1359 2048 1676 2098 probatissimos)
1696 2047 1768 2086 sibi

294 2117 497 2163 comparat
518 2112 703 2150 favorem.
762 2111 1082 2149 Benevolentiam
1114 2123 1205 2162 erga
1226 2110 1534 2148 Demosthenem
1555 2116 1594 2148 et
1615 2110 1769 2161 opinio-

294 2188 382 2213 nem
402 2174 452 2212 de
481 2174 704 2219 Timarcho,
727 2173 880 2211 homine
908 2186 986 2210 non
1008 2173 1184 2224 ignobili,
1206 2173 1347 2211 callide
1375 2171 1560 2218 infirmat,
1582 2172 1771 2210 violenter

289 2236 494 2287 judicibus
515 2241 737 2286 extorquet,
762 2248 909 2286 eosque
927 2235 976 2273 ad
996 2235 1090 2273 iram
1111 2241 1151 2273 et
1170 2235 1356 2273 invidiam
1377 2234 1565 2273 sollicitat
1592 2239 1631 2271 et
1649 2234 1768 2272 acuit.

297 2301 479 2352 Denique
496 2314 622 2339 mores
642 2314 789 2347 eorum,
805 2301 854 2339 de
875 2301 1018 2352 quibus
1041 2300 1199 2346 dicitur,
1215 2300 1269 2338 ita
1287 2312 1441 2350 semper
1457 2304 1546 2337 sunt
1562 2298 1769 2344 formandi,

299 2368 339 2400 ut
359 2377 447 2401 cum
474 2376 608 2401 eorum
636 2363 752 2401 factis
773 2364 1034 2410 consentiant,
1055 2363 1373 2414 probabilitatem
1401 2361 1607 2412 adjuvent,
1628 2367 1667 2398 et
1687 2374 1773 2398 ora-

296 2425 443 2464 tionem
471 2431 660 2464 moratam
686 2425 883 2464 reddant?
912 2426 996 2464 Jam
1017 2439 1109 2463 vero
1130 2425 1339 2476 diligenter
1369 2423 1664 2475 perlegentibus
1684 2436 1771 2462 ora-

297 2489 424 2526 tiones
441 2501 589 2535 omneS,
609 2488 830 2539 apparebit,
849 2487 1078 2525 AEschinem
1099 2488 1137 2525 in
1156 2486 1426 2525 describendis
1445 2491 1485 2524 et
1503 2485 1684 2524 notandis
1702 2486 1771 2523 ho-

298 2549 446 2588 minum
465 2549 637 2588 moribus
654 2550 790 2587 mirum
808 2563 891 2588 esse
912 2549 1118 2596 artificem,
1135 2555 1173 2587 et
1188 2548 1381 2586 factorum
1396 2547 1594 2598 animique
1612 2547 1772 2585 humani

295 2612 474 2663 judicem
496 2612 779 2651 acutissimum.
829 2611 986 2650 Nullius
1007 2613 1111 2650 enim
1132 2611 1297 2649 hominis
1318 2610 1412 2649 fecit
1430 2610 1684 2657 mentionem,
1704 2623 1773 2647 cu-

293 2674 363 2724 jus
395 2673 566 2713 indolem
598 2680 638 2713 et
669 2687 796 2712 mores
828 2687 906 2712 non
937 2674 1050 2711 simul
1080 2672 1366 2723 verosimiliter,
1395 2671 1511 2710 factis
1543 2672 1773 2722 plerumque

301 2736 669 2784 commemorandis,
689 2750 767 2775 non
797 2736 912 2774 meris
934 2736 1077 2782 verbis,
1108 2734 1354 2786 expresserit.
1414 2733 1569 2772 Omitto
1598 2733 1684 2771 illos
1706 2733 1775 2771 ho-

301 2803 433 2836 nestos
449 2798 564 2845 viros,
580 2799 780 2844 Solonem,
803 2798 1043 2843 Miltiadem,
1062 2797 1383 2842 Themistoclem,
1400 2795 1626 2841 Aristidem,
1643 2808 1774 2833 senem

302 2859 410 2897 illum
432 2860 789 2907 Lacedaemonium,
819 2866 859 2898 et
887 2866 1102 2911 parentem,
1125 2871 1217 2909 erga
1236 2857 1327 2896 filiae
1357 2857 1642 2908 impudicitiam
1673 2870 1778 2895 seve-

302 2934 400 2967 rum,
421 2921 560 2959 omitto
581 2935 706 2961 mores
737 2922 1030 2968 Demosthenis,
1050 2921 1264 2967 Timarchi,
1296 2919 1555 2974 Hegesandri,
1577 2918 1773 2963 Pittalaci‚

304 2982 498 3033 Misgolae,
519 2983 765 3035 imperatoris
794 2984 895 3023 illius
915 2984 1174 3034 aliorumque,
1205 2995 1305 3033 quos
1329 2983 1413 3033 jam
1434 2988 1525 3021 ante
1547 2980 1772 3025 memoravi,
