1916 3340
314 199 426 248 354

306 310 343 339 de
361 307 508 348 accipias,
525 309 590 340 sive
605 321 663 351 pro
682 317 786 341 contra
810 312 860 341 vel
883 311 1030 341 adversus.

309 352 436 383 Sinistra
459 355 635 392 suspicantes
659 355 694 384 de
716 356 880 384 rationibus
902 365 920 382 a
945 356 1033 383 servis

308 395 354 424 rel
370 396 475 425 villicis
486 398 591 427 nostris
604 397 748 428 eahibz'tis.
762 399 809 428 vel
826 399 964 427 adversus
976 407 1032 426 eas.

308 440 445 475 λογιστὴς
461 450 519 469 non
536 449 711 481 usurpatur,
727 442 786 471 nisi
802 441 840 470 de
852 440 1034 479 magistratu

311 482 355 510 sic
372 482 470 511 dicto.

354 524 429 554 ibid.
447 535 476 555 V.
491 529 543 557 18.
560 526 661 567 μηδὲν]
696 527 804 556 Malim
831 524 958 565 μηδενός.
985 535 1035 555 ne-

310 569 418 597 minem
432 579 523 608 neque
538 571 676 605 absoluit,
699 580 788 609 neque
800 570 978 599 condemnet.

353 610 429 641 ibid.
454 623 484 642 v.
500 619 639 652 antepen.
664 613 762 653 μετὰ]
796 612 923 642 Mallem
955 621 1035 642 nunc

313 653 405 693 plane
421 666 437 684 a
454 666 501 685 me
518 661 706 694 expunctum
730 656 824 685 fuisse
839 666 845 683 :
865 655 958 694 plura
977 655 1038 693 ple-

311 698 415 727 bescita
440 698 658 729 Demosthenem
683 700 836 738 scripsisse,
862 709 950 738 quam
965 700 1036 729 scri-

309 742 367 779 psit
387 740 576 772 Philocrates.

357 784 432 814 ibid·
454 796 483 814 v.
506 786 560 815 ult..
585 782 663 824 ‘wag'
680 782 794 825 ἐκείνου]
819 786 972 823 Perquam
990 789 1038 814 est

312 827 494 865 probabilis,
510 828 630 858 fatebor
644 828 734 864 enim,
751 828 901 867 suspicio,
918 828 984 858 sive
1002 838 1038 858 ea

313 870 439 906 Wottii,
463 871 530 900 sive
553 871 680 910 ‘l'aylori
704 875 762 901 est.
787 871 909 901 videtur
938 876 1037 901 tamen

313 914 439 951 vulgata
453 924 576 954 quoque
592 915 716 944 defendi
732 925 834 955 posse,
852 915 878 944 si
895 915 940 944 sio
957 915 1039 944 acci-

311 956 422 996 piatur.
479 958 717 987 Demosthenem
748 968 806 987 non
835 963 1038 997 exspectasse

313 1000 412 1029 donec
439 1001 603 1041 Philippus
634 1001 714 1030 ultro
747 1001 866 1040 legatos
892 1002 930 1030 de
960 1011 1038 1040 pace

312 1043 449 1072 Athenas
464 1045 612 1079 mitteret,
629 1045 684 1074 sed
701 1044 804 1084 ipsum
821 1046 1040 1080 antevertisse,

314 1086 490 1117 subornatis
502 1088 697 1127 quibusdam,
710 1088 762 1127 qui
778 1088 808 1117 in
824 1087 1039 1117 Macedoniam

313 1129 522 1166 mitteremur,
550 1134 580 1160 et
601 1131 782 1171 Philippum
803 1132 841 1160 ad
860 1141 968 1170 pacem
993 1131 1039 1160 in-

314 1172 445 1203 eundam
462 1173 639 1204 invitarent.

358 1217 384 1256 §.
400 1215 456 1254 κγ’.
472 1227 504 1256 p.
519 1220 592 1250 194.
609 1228 640 1247 v.
659 1218 713 1247 ult.
730 1217 816 1248 τοῦτο
832 1215 859 1247 δὲ
876 1215 1037 1259 ψήφισμα]

316 1259 369 1288 Sic
399 1260 513 1298 tegitur
543 1261 574 1290 in
601 1261 691 1290 editt.
712 1260 821 1291 Wotfii
846 1265 877 1290 et
902 1261 1040 1300 Taylori.

313 1307 399 1332 recte
428 1303 460 1332 in
486 1303 599 1333 Aldina
627 1309 658 1334 et
684 1303 872 1342 Stephanina
896 1305 982 1333 τοῦτο
1007 1302 1041 1333 τὸ

315 1344 390 1385 ψήφ.
418 1347 498 1385 quod
523 1347 680 1377 revocavi.
735 1347 809 1377 Sive
834 1352 1038 1376 commentum

316 1389 396 1418 illud
410 1389 469 1418 fuit
482 1389 605 1426 wolin,
623 1391 689 1420 sive
703 1401 791 1420 error
805 1400 969 1429 operarum
979 1391 1040 1420 Ba-

316 1431 506 1470 sileensium,
522 1443 582 1463 non
598 1434 730 1463 debebat
747 1437 831 1463 certe
847 1433 1025 1472 propagari.

360 1486 393 1515 p.
411 1478 485 1506 195.
501 1487 531 1506 v.
548 1479 579 1508 4.
597 1476 706 1517 χρόνος]
734 1476 814 1506 Post
838 1476 849 1505 ὁ
872 1475 966 1517 χρόνος
987 1477 1041 1506 de-

317 1529 386 1548 esse
400 1519 522 1549 videtur
537 1521 593 1549 τῶν
608 1521 803 1562 ἀρχαιρεσιῶν,
818 1521 1014 1549 comitiorum.

359 1562 436 1591 ibid.
453 1573 484 1592 v.
499 1567 530 1593 7.
547 1563 699 1604 ὑποδοχὴν]
718 1563 884 1592 Praet'eram
898 1563 1042 1602 equidem

316 1606 470 1646 ἀποδοχῆν,
495 1607 616 1636 tametsi
648 1617 666 1636 a
683 1607 800 1636 'vVolfio
822 1606 1041 1645 improbatum.

319 1659 374 1688 quo
389 1651 497 1679 diceret
507 1655 660 1690 ageretque
672 1651 781 1685 omnia,
797 1660 858 1689 quie
876 1649 1044 1680 Philocrati

315 1692 524 1730 probarentur,
541 1698 594 1722 aut
610 1693 666 1729 sic,
690 1703 744 1733 qun
764 1693 842 1722 nihil
861 1704 920 1722 non
942 1699 1044 1734 ageret

319 1736 497 1774 (liceretque,
523 1746 578 1776 quo
607 1746 696 1766 causa
728 1736 908 1766 Philocratis
936 1737 1044 1775 populo

319 1779 544 1817 approbaretur.
581 1779 653 1809 Fuit
669 1784 700 1808 et
715 1779 774 1809 alia
789 1779 882 1809 tectio
895 1779 926 1809 in
942 1780 1043 1815 libris,

320 1822 487 1862 ὑπεκδοχῆν.
514 1822 576 1853 vid.
600 1822 695 1852 libell.
726 1822 907 1852 variantium
934 1823 1043 1853 lectio-

320 1874 403 1894 num.
426 1876 494 1903 quae
517 1866 542 1895 si
565 1865 745 1895 admittatur
766 1865 872 1901 lectio,
895 1867 1045 1896 sententia

321 1909 389 1946 ejus
406 1909 464 1937 erit
481 1909 562 1938 haec:
590 1919 650 1948 quo
667 1909 767 1938 onmia
779 1913 884 1947 ageret
900 1910 985 1939 velut
997 1910 1044 1939 hi-

321 1952 397 1980 strio
414 1951 537 1990 quidam
554 1952 754 1986 Philocratis,
778 1952 927 1981 secundas
951 1953 988 1982 ab
1007 1963 1043 1983 eo

321 2000 426 2032 partes
444 1998 475 2023 et
491 1995 622 2024 vicarias
639 2005 743 2034 agens,
758 1995 800 2025 ibi
815 1995 980 2034 incipiens,
992 1996 1043 2025 ubi

321 2038 374 2067 ille
391 2037 560 2068 desineret.

364 2080 442 2110 ibid.
459 2091 489 2110 v.
507 2086 649 2120 antepen.
667 2081 715 2111 καῖ
732 2082 846 2123 ταῦτα]
872 2082 966 2112 Forte
986 2081 1045 2113 οὐδὲ

322 2129 370 2153 est
386 2124 655 2163 interponendum.

366 2168 442 2197 ibid.
476 2178 507 2197 v.
536 2168 594 2197 ult.
624 2167 678 2198 ὑπὸ
705 2169 756 2198 τοῦ
787 2166 951 2210 Φιλίππου]
983 2170 1048 2199 Aut

321 2210 492 2251 πεμφθέντι
508 2216 556 2241 est
567 2212 754 2248 addendum,
767 2218 821 2241 aut
836 2211 888 2241 ὑπὸ
904 2223 972 2241 cum
988 2223 1047 2242 πα-

322 2256 355 2293 ρὰ
372 2255 632 2284 commutandum.
666 2257 745 2285 Nam
765 2255 818 2285 ὑπὸ
836 2256 880 2285 sic
895 2256 976 2285 nude
993 2266 1048 2294 po·

322 2298 353 2326 ni
370 2308 430 2327 non
446 2297 537 2331 solet,
553 2304 587 2327 ut
603 2300 681 2337 παρὰ
697 2299 785 2328 solet.
821 2299 936 2328 Verum
954 2299 1046 2329 video

322 2351 403 2370 nunc
435 2351 451 2369 a
483 2341 599 2370 Wolfio
627 2342 691 2378 jam
722 2342 754 2370 id
786 2347 982 2380 occupatum,
1016 2348 1048 2373 et

323 2386 401 2424 «παρὰ
425 2384 609 2420 exhibitum,
627 2385 709 2423 quod
732 2385 825 2414 etiam
846 2385 959 2424 Taylor
984 2396 1048 2416 ser-

323 2427 419 2458 vavit.

368 2481 400 2509 p.
416 2472 491 2501 196.
506 2481 535 2501 v.
554 2474 583 2500 1.
601 2471 735 2512 κήρυκας]
770 2472 879 2501 Malim
895 2471 1000 2512 κήρυκα
1016 2472 1047 2502 in

324 2513 482 2553 singulari.
527 2514 606 2544 Nam
623 2521 653 2544 et
669 2515 707 2543 de
725 2525 782 2544 uno
798 2516 890 2544 modo
905 2526 1047 2554 praecone

323 2558 485 2596 praecessit
497 2557 577 2587 sacta
592 2558 720 2593 mentio,
733 2569 831 2596 neque
849 2558 987 2587 solebant
1002 2559 1048 2588 le-

325 2600 499 2639 gationibus
514 2600 575 2630 nisi
592 2601 706 2640 singuli
723 2611 881 2639 praecones
898 2601 981 2631 addi.

368 2644 444 2673 ibid.
460 2655 491 2674 v.
508 2647 538 2674 3.
553 2646 593 2674 τα
618 2644 645 2674 δὲ
667 2647 749 2683 μετὰ
764 2644 878 2684 ταῦτα]
902 2645 967 2674 Aut
989 2645 1049 2678 τοῖς

324 2686 386 2724 leg.
404 2688 538 2723 videtur,
555 2692 606 2716 aut
619 2691 741 2717 servato
757 2689 797 2717 τὰ
816 2688 860 2717 sic
875 2688 937 2726 leg.
955 2689 995 2717 τὰ
1018 2688 1046 2718 δὲ

324 2732 406 2768 μετὰ
419 2731 528 2760 ταῦτα.
572 2729 642 2760 Erit
654 2730 720 2760 haec
736 2731 941 2769 aposiopesis,
958 2732 1047 2760 abru-

324 2777 377 2810 pta
394 2779 424 2802 et
440 2774 470 2802 in
486 2778 584 2803 semet
596 2775 666 2812 ipsa
678 2774 853 2812 exspirans,
866 2774 1046 2812 imperfecta.

324 2816 432 2846 relicta
455 2817 562 2846 oratio.
610 2817 707 2855 Quasi
730 2817 931 2848 subaudiatur
954 2816 1046 2857 ὁρᾶτε.

326 2857 463 2888 Insecuta
479 2865 627 2889 autem—
636 2860 705 2888 scil.
717 2865 853 2898 spectate.
865 2865 928 2889 tum
940 2860 1047 2890 brevis

324 2901 498 2940 insequitur
522 2902 675 2932 sententia
696 2903 922 2941 quodammodo
940 2913 1048 2941 paren-

324 2944 449 2974 thetica.
474 2944 521 2975 ἤδη
542 2947 596 2984 γάρ
611 2957 661 2985 μοι
676 2954 729 2985 ινφ.
753 2957 802 2986 πρ.
818 2958 849 2976 τ.
866 2958 888 2977 ν.
905 2947 1048 2976 attendite

324 2986 368 3016 his
383 2988 526 3017 (ιἰιῐηηιιιι.
544 2988 706 3028 ἐπράττετο
719 2991 816 3029 γὰρ-

370 3030 446 3060 ibid.
464 3041 492 3059 v.
509 3034 539 3061 4.
559 3033 623 3065 τοὺς
646 3033 760 3073 πολλὰ]
786 3032 879 3063 Haud
904 3032 1046 3072 equidem

326 3073 391 3107 τοὺς
404 3074 575 3113 repudicin,
597 3076 653 3106 sed
676 3075 723 3105 sic
746 3075 930 3112 adsciscam,
954 3081 987 3106 ut
1006 3077 1046 3106 τὰ

762 211 995 255 REISKII
1028 210 1361 255 ANNOTATA

1067 312 1164 340 πολλὰ
1181 315 1316 345 servato,
1330 308 1509 349 subjiciatur
1523 310 1588 344 τοὺς
1601 318 1702 350 συκοφ.

1110 354 1138 393 ᾗ.
1151 353 1206 391 κγ’.
1222 364 1254 392 p.
1273 355 1345 384 196.
1363 364 1393 383 v.
1410 353 1465 383 ult.
1490 354 1791 396 κατακοινωνήσαντες]

1068 397 1236 435 Expuncta
1248 397 1369 436 syllaba
1382 397 1454 426 dedi
1475 397 1514 426 de
1535 406 1604 426 meo
1620 398 1790 427 κατακοινώ-

1068 449 1181 474 σαντες.
1214 441 1350 470 verbum
1371 439 1576 469 κατακοινωνεῖν
1589 450 1627 469 ne
1649 441 1790 470 Graecum

1070 483 1195 521 quidem
1212 491 1270 512 est.
1287 484 1464 513 κατακοινοῦν
1483 487 1583 513 autem
1604 487 1652 512 est
1673 483 1790 522 aliquid

1069 526 1164 555 alicui
1191 526 1363 565 impertire,
1392 536 1461 555 cum
1493 536 1530 555 eo
1556 526 1791 561 communicare,

1069 568 1252 608 participem
1270 571 1337 608 ejus
1354 569 1400 598 rei
1415 579 1485 599 eum
1500 569 1612 599 facere.
1658 570 1735 608 Quae
1751 569 1792 599 si-

1071 612 1225 651 gnificatio
1241 613 1312 642 huic
1326 613 1394 641 loco
1411 612 1566 642 convenit.

1115 667 1144 694 p.
1162 658 1234 688 197.
1252 667 1283 685 v.
1300 652 1385 695 [²131
1401 654 1535 695 πρότερον
1548 653 1631 689 οὐδεὶς
1643 653 1793 694 μέμνηται

1071 697 1208 737 γενόμενόν
1230 710 1303 729 τινα.
1332 698 1472 739 πρόφασιν
1501 699 1707 737 ποιησάμενος,
1734 696 1793 738 ἵνα]

1072 741 1124 771 Sic
1141 742 1267 772 exhibet
1280 742 1309 772 h.
1323 741 1344 771 l.
1360 742 1457 772 editio
1471 741 1630 780 Stephani,
1647 742 1735 779 cujus
1748 741 1795 770 le-

1072 784 1182 814 ctionis
1203 785 1280 815 nihil
1302 785 1433 814 mutavit
1448 785 1612 820 Wolfiana,
1629 795 1645 813 a
1660 784 1795 823 'Fayloro

1072 828 1204 865 reddita,
1220 833 1332 868 praeter
1348 829 1407 858 hoc
1429 838 1533 865 unum,
1555 828 1637 867 quod
1654 825 1798 868 γενομένην

1072 870 1169 907 dedit,
1184 871 1272 910 quasi
1288 871 1326 901 ad
1343 869 1494 901 ἐκκλησίαν
1505 871 1622 901 redeat.
1653 871 1733 900 Mihi
1749 870 1796 901 vi-

1073 924 1140 944 sum
1156 915 1260 954 potius
1275 915 1334 944 fuit
1348 915 1479 953 primum
1495 914 1676 944 vocabulum
1692 911 1794 955 ficum

1071 955 1085 986 ὃ
1099 963 1284 996 permutare,
1299 957 1438 997 γενόμενον
1455 967 1591 993 servare,
1605 962 1636 986 et
1648 957 1737 987 aliter
1749 956 1795 986 in-

1072 1005 1268 1041 terpungere.
1285 998 1298 1030 ‘¹3
1313 1001 1399 1040 quod,
1414 1004 1449 1030 ut
1461 999 1529 1030 scil.
1543 999 1650 1030 concio
1665 1000 1697 1029 in
1713 999 1796 1030 diem

1072 1044 1186 1074 festum
1202 1044 1402 1078 indiceretur,
1418 1053 1500 1073 ‘nemo
1514 1049 1582 1073 ante
1594 1041 1720 1083 factum
1736 1053 1796 1072 me-

1073 1088 1172 1123 minit,
1189 1087 1337 1127 γενόμενον.
1353 1091 1416 1116 tuni
1435 1087 1567 1125 subjecit
1583 1091 1685 1116 orator
1702 1087 1796 1116 inter-

1073 1132 1275 1170 rogationem.
1311 1128 1374 1160 τίνα
1411 1129 1551 1169 πρόφασιν
1588 1130 1796 1168 ποιησάμενος;

1074 1185 1203 1214 quanam
1227 1175 1279 1204 ille
1303 1183 1373 1203 usus
1393 1174 1606 1212 praetensione?
1627 1174 1797 1211 respondet

1074 1217 1190 1248 statim.
1222 1216 1276 1253 ἵνα,
1291 1216 1489 1257 <pasin-ut
1512 1216 1630 1252 scilicet,
1653 1217 1694 1246 sic
1719 1218 1798 1246 enim

1074 1261 1161 1290 ait——

1119 1303 1144 1343 ᾗ.
1163 1302 1205 1334 κέ.
1220 1314 1253 1343 p.
1269 1305 1344 1334 198.
1360 1313 1391 1333 v.
1413 1307 1556 1342 antepen.
1576 1301 1696 1341 ἐγένοντο
1715 1301 1744 1333 δὲ
1767 1302 1799 1332 αἱ

1076 1345 1242 1388 ἐκκλησίαι]
1274 1348 1375 1377 Locus
1397 1346 1448 1376 hic
1472 1347 1550 1377 bene
1572 1346 1674 1376 habet.
1696 1357 1798 1385 neque

1075 1391 1275 1429 Stephanum,
1289 1401 1387 1429 neque
1402 1389 1620 1420 Marklandum
1631 1389 1681 1419 hic
1694 1390 1799 1419 audio.

1074 1433 1259 1463 Mutandum
1273 1432 1299 1463 si
1311 1433 1386 1473 quid
1399 1433 1450 1468 sit,
1465 1432 1558 1463 velim
1571 1431 1627 1472 μὲν
1641 1437 1714 1471 post
1726 1444 1800 1473 παρ-

1075 1474 1202 1507 εληλύθει
1228 1477 1312 1506 addi.
1351 1476 1455 1506 Verba
1479 1473 1509 1506 οὗ
1524 1476 1565 1505 τὰ
1579 1476 1726 1514 κεφάλαια
1746 1486 1800 1506 us-

1075 1530 1135 1558 que
1152 1520 1190 1549 ad
1206 1518 1315 1560 Δόγμα
1327 1520 1502 1560 συμμάχων
1513 1529 1607 1549 versu
1619 1521 1672 1549 16.
1682 1530 1711 1559 p.
1723 1522 1798 1551 199.

1076 1563 1256 1603 parenthesi
1272 1563 1470 1598 includenda,
1485 1566 1537 1592 aut
1551 1562 1653 1592 saltim
1673 1572 1728 1601 pro
1745 1572 1800 1601 pa-

1076 1605 1228 1636 renthetis
1252 1606 1390 1635 habenda
1414 1611 1499 1636 sunt.
1533 1606 1613 1636 Nam
1641 1605 1800 1635 sententiae

1077 1649 1224 1689 apodosis
1239 1660 1293 1679 seu
1309 1649 1464 1679 absolutio
1480 1653 1529 1679 est
1540 1648 1571 1678 in
1592 1648 1697 1679 verbis
1714 1649 1806 1689 τούτῳ

1077 1692 1121 1732 τῷ
1133 1691 1262 1732 δόγματι
1275 1703 1366 1722 versu
1384 1694 1436 1723 1⁹7.
1453 1703 1484 1732 p.
1498 1693 1571 1723 199.

1120 1747 1152 1775 p.
1166 1738 1239 1767 199.
1252 1746 1283 1765 v.
1295 1737 1326 1766 3,
1344 1735 1409 1777 καὶ]
1434 1737 1498 1767 Aut
1513 1734 1611 1765 deleri
1624 1735 1729 1771 velim,
1746 1739 1800 1765 aut

1078 1789 1146 1809 cum
1163 1779 1217 1820 γὰρ
1231 1779 1358 1816 mutari,
1376 1780 1460 1819 quod
1472 1784 1536 1810 tum
1552 1778 1709 1817 eleganter
1729 1780 1801 1809 red-

1078 1822 1216 1853 undabit.

1121 1865 1198 1895 ibid.
1220 1864 1437 1906 ἀναγκαιοτέραν
1460 1864 1615 1906 ἢκαλλίω]
1640 1865 1728 1895 Idem
1745 1868 1804 1902 est,

1078 1919 1114 1938 ac
1131 1908 1158 1938 si
1173 1909 1316 1944 dixisset,
1332 1908 1486 1947 ἀναγκαίαν
1500 1908 1565 1948 μὲν,
1581 1909 1610 1938 οὐ
1626 1910 1713 1939 καλὴν
1728 1907 1766 1938 δέ.

1121 1952 1198 1982 ibid.
1215 1964 1245 1982 v.
1262 1954 1293 1983 5.
1311 1951 1351 1992 ἔν]
1368 1952 1503 1982 Tametsi
1524 1951 1599 1981 ferri
1621 1955 1724 1991 queat,
1748 1952 1802 1981 ab·

1079 2005 1147 2025 esse
1165 2001 1264 2026 tamen
1278 1995 1393 2025 malim.

1122 2038 1199 2068 ibid.
1226 2050 1256 2069 v.
1272 2041 1302 2068 8.
1325 2037 1668 2079 προκαταλαμβάνοντες]
1694 2038 1801 2068 Malim

1080 2082 1206 2112 brevius
1230 2087 1261 2111 et
1284 2082 1456 2121 simplicius
1480 2080 1633 2121 προλαμβ.
1675 2081 1802 2120 Vulgati

1081 2125 1162 2155 enim
1193 2125 1343 2155 sententia
1369 2125 1407 2155 ab
1433 2125 1492 2154 hoc
1516 2125 1587 2154 loco
1614 2130 1662 2154 est
1692 2124 1803 2154 aliena.

1082 2169 1229 2198 Recurrit
1250 2168 1340 2207 paulo
1363 2172 1435 2207 post
1457 2178 1550 2198 versu
1573 2168 1690 2207 penult.
1714 2178 1802 2204 vero,

1081 2212 1133 2251 qui
1149 2212 1195 2241 illi
1209 2213 1300 2247 inest,
1316 2222 1419 2246 sensu,
1435 2215 1466 2240 et
1481 2216 1632 2250 oportuno
1647 2212 1730 2241 loco.

1124 2255 1202 2285 ibid.
1224 2267 1254 2286 v.
1271 2259 1301 2287 9.
1319 2252 1376 2296 οὖν]
1399 2255 1506 2284 Malim
1522 2254 1643 2291 abesse,
1664 2259 1695 2284 et
1716 2254 1804 2285 uncis

1082 2297 1208 2329 inclusi.

1124 2341 1202 2372 ibid.
1221 2353 1249 2372 v.
1267 2344 1320 2371 11.
1336 2340 1374 2382 τῇ
1388 2340 1485 2381 πόλει]
1519 2341 1596 2371 Post
1608 2339 1647 2381 τῇ
1660 2339 1740 2371 πόλει
1757 2340 1803 2370 vi-

1082 2386 1193 2415 dentur
1201 2386 1267 2415 haec
1283 2385 1378 2416 ferme
1391 2385 1502 2414 deesse
1518 2383 1556 2426 τῇ
1570 2383 1740 2415 ἔπικοινώσει
1752 2385 1804 2417 τῆς

1081 2428 1278 2471 συμμαχίας,
1308 2428 1571 2458 communicatione
1600 2424 1743 2457 societatis
1768 2428 1803 2456 in

1081 2473 1172 2502 bellis.

1125 2515 1151 2554 ἑ.
1181 2513 1239 2550 κζ’.
1268 2525 1299 2554 p.
1327 2517 1400 2545 200.
1428 2525 1459 2544 v.
1491 2516 1522 2545 9.
1559 2511 1804 2554 προβιασαμένου]

1081 2558 1206 2588 Acriter
1222 2559 1247 2588 si
1263 2558 1332 2597 quis
1348 2557 1523 2593 contendat,
1545 2556 1670 2586 defendi
1693 2556 1806 2596 possit,

1081 2602 1241 2638 hactenus,
1256 2601 1339 2640 quod
1356 2600 1408 2640 πρὸ
1423 2600 1530 2630 multis
1545 2599 1575 2629 in
1599 2599 1702 2629 verbis
1722 2610 1805 2629 com-

1082 2645 1193 2683 positis
1210 2646 1241 2674 in
1258 2644 1307 2674 vel
1322 2653 1418 2674 versus
1440 2648 1552 2682 partem
1573 2643 1748 2672 anteriorem
1764 2643 1805 2672 si-

1083 2688 1216 2727 gnificet,
1237 2687 1368 2725 locoque
1382 2687 1432 2715 τοῦ
1448 2685 1514 2725 πρὸς
1529 2696 1545 2715 a
1559 2685 1661 2724 poetis
1678 2695 1808 2725 usurpe-

1082 2735 1141 2760 tur.
1157 2731 1257 2760 malim
1274 2735 1373 2759 tamen
1386 2727 1649 2769 προσβιασαμένου,
1661 2729 1742 2768 quod
1755 2733 1805 2758 est

1082 2774 1238 2804 usitatius.
1254 2773 1434 2802 creberrimi
1460 2776 1561 2802 autem
1582 2782 1654 2801 usus
1679 2777 1710 2801 et
1731 2782 1806 2810 pro-

1081 2817 1182 2855 prium
1198 2817 1229 2846 in
1245 2817 1302 2845 hac
1317 2826 1350 2845 re
1368 2820 1415 2845 est
1440 2817 1569 2845 verbum
1591 2813 1803 2854 προσβιβάζειν,

1081 2871 1141 2899 quo
1158 2860 1275 2889 Noster
1290 2859 1382 2888 etiam
1395 2869 1427 2898 p.
1444 2861 1518 2889 210.
1535 2869 1565 2888 v.
1584 2859 1614 2887 9.
1629 2858 1739 2888 utitur.

1124 2903 1150 2942 ᾗ.
1166 2901 1220 2943 κζ’.
1236 2914 1267 2942 p.
1281 2905 1354 2932 200.
1375 2913 1403 2932 v.
1422 2904 1474 2931 17.
1489 2900 1677 2941 ἐπρέσβευσεν
1695 2899 1721 2930 ἐν
1738 2906 1804 2930 Μα-

1080 2944 1198 2987 κεδονίᾳ]
1223 2946 1353 2975 Schedae
1369 2944 1545 2984 Scrimgeri,
1557 2953 1684 2983 quarum
1699 2943 1803 2974 nescio

1081 3000 1148 3028 quae
1165 2995 1196 3019 et
1212 2994 1324 3028 quanta
1340 2989 1381 3018 sit
1396 2988 1578 3023 auctoritas,
1592 2987 1665 3018 dant
1681 2985 1753 3026 ἐωρ.
1766 2985 1804 3019 εἷς

1080 3030 1256 3063 Μακεδονίαν.
1270 3043 1328 3062 non
1341 3032 1432 3067 male,
1445 3035 1476 3061 et
1486 3030 1700 3070 amplecterer,
1714 3030 1740 3058 si
1750 3038 1802 3058 co-

1081 3076 1166 3106 dices
1193 3076 1264 3106 boni
1302 3076 1552 3115 suffragarentur.
1605 3074 1665 3104 Sed
1696 3075 1802 3112 potest
