1899 3322
358 570 809 626 VARIANTES
853 567 1318 623 LECTIONES.

125 753 186 793 *3*
200 753 330 784 Codices
346 758 432 785 sunt:
451 755 721 791 Helmstadiensis,
737 755 952 791 Bemardinus,
968 759 998 784 et
1014 752 1219 784 Coislinianus
1235 755 1310 790 249,
1325 763 1343 784 a
1356 752 1444 783 uobis
1460 753 1530 783 lire-

81 795 124 825 ris
141 806 168 826 a.
187 797 216 827 b.
231 808 260 827 c.
274 798 386 838 signati
400 809 409 836 3
432 798 623 828 Parisienses
636 800 731 835 2930,
751 801 951 836 2947‚2998‚
964 800 1061 833 3002,
1077 798 1174 833 3003,
1187 799 1283 833 3004,
1300 807 1318 826 a
1333 797 1421 827 nobis
1432 797 1531 826 literis

81 839 112 868 d.
123 849 151 868 e.
166 839 188 869 f.
199 850 228 878 g.
238 841 298 871 h.i.
311 841 439 880 signati3
456 841 662 882 Harleyanus,
678 841 887 878 Lockeranus,
902 848 934 872 et
951 841 1142 876 Meadiauus,
1160 850 1177 870 a
1191 841 1279 870 nobis
1294 840 1393 870 literis
1406 840 1438 869 k.
1452 841 1472 870 1.
1488 851 1529 870 m.

82 880 208 920 signati3
235 883 369 914 Venetus
381 886 432 914 50.
453 891 484 914 et
499 884 560 915 duo
575 885 751 925 Tayloraui,
768 886 851 915 nulla
862 885 966 915 addita
983 889 1064 921 nota,
1081 885 1196 923 cujates
1211 884 1257 914 ini
1279 888 1391 924 essent,
1407 893 1424 914 a
1440 883 1528 913 nobis

82 923 180 955 literis
198 936 229 955 v.
243 936 276 956 x.
291 937 322 966 y.
340 927 461 966 signati.

122 967 301 1000 Editiones:
326 970 450 1007 Aldina,
465 971 661 1011 Stephanica,
685 971 891 1008 Bekkeriana,
907 982 925 1002 a
947 971 1035 1002 nobis
1059 971 1153 1012 signis
1174 970 1260 1007 Ald„
1282 970 1401 1010 Steph„
1426 968 1529 999 Bekk.

81 1009 217 1050 signalae.

122 1054 223 1092 Notae,
238 1057 411 1097 compendii
428 1057 539 1097 gratia:
563 1068 624 1098 pn,
637 1058 719 1097 quod
740 1058 856 1095 dicunt,
867 1057 965 1098 prima
985 1067 1215 1088 manus—corr.
1232 1055 1479 1086 correctus—lit.
1496 1054 1532 1084 ti-

78 1101 143 1126 tera
166 1099 215 1128 vel
236 1098 438 1130 literae—om.
463 1101 574 1131 omittit
592 1102 640 1132 vel
665 1102 930 1132 omittunt—eras.
947 1111 1032 1132 erasa
1048 1105 1096 1130 est
1112 1101 1161 1131 vel
1184 1110 1279 1131 erasae
1297 1099 1482 1130 sunt—add.
1500 1099 1530 1127 in

77 1149 172 1180 marg.
187 1141 273 1172 addit
285 1143 334 1173 vel
350 1144 464 1174 addunt
480 1145 508 1174 in
526 1145 672 1185 margine.

119 1183 250 1215 Codices
264 1189 295 1215 et
308 1185 470 1217 Editiones
486 1197 555 1233 culp
568 1188 712 1218 Editione
724 1187 849 1228 Taylori
858 1188 1061 1218 conferuntur.

423 1346 704 1385 ΑΙΣΧΙΝΟΥ
737 1345 1006 1384 ΡΗΤΟΡΟΣ
1038 1344 1191 1382 ΒΙΟΣ.

118 1431 155 1461 Ρ.
177 1431 222 1462 lii.
245 1435 275 1462 1.
298 1433 522 1474 γραμματικοῦ]
549 1432 785 1474 γραμματιστοῦ

73 1483 101 1503 a.
117 1474 214 1505 Bekk.
230 1475 432 1516 γραμματέως
446 1486 476 1505 ν.
515 1479 545 1507 4.
555 1476 662 1506 ταύτην
674 1475 703 1506 δὲ
719 1487 785 1505 σκο-

73 1515 165 1546 τείνων
190 1516 222 1547 ἔκ,
251 1518 344 1550 τόπων
374 1517 537 1560 ὁρμωμένην
566 1519 614 1548 καὶ
645 1519 786 1560 φοβοῧσαν

72 1559 181 1595 παῖδας
201 1561 248 1591 καὶ
277 1563 408 1600 γυναῖκας
427 1560 599 1601 Ἐμπουσαν
623 1572 648 1592 a.
682 1562 788 1592 Bekk.

73 1613 143 1642 pen.
159 1608 380 1644 τριταγωνιστὴν
395 1604 520 1644 γενέσθαι
535 1605 725 1647 τραγῳδικῶν.
747 1603 786 1635 ὅν-

73 1657 114 1676 τα
131 1657 158 1677 a.
199 1648 253 1678 ult.
269 1647 340 1688 μετ’
356 1649 440 1679 αὐτὸν
456 1660 485 1679 v.

116 1700 148 1729 p.
164 1689 219 1720 liii.
236 1693 266 1721 2.
291 1692 421 1731 simpuia.
439 1693 468 1723 h.
486 1703 516 1722 v.
560 1694 590 1722 4.
605 1691 692 1721 τοῦτο’
710 1703 742 1730 γε
760 1702 787 1721 a.

74 1733 104 1763 5.
129 1731 154 1762 ἐν
169 1733 278 1769 Θήβαις
292 1745 351 1765 om.
368 1745 394 1765 a.
440 1735 523 1765 Ibid.
537 1737 728 1775 Κτησιφῶντα
747 1733 788 1770 δὲ,

74 1774 120 1805 δ’τε
137 1786 164 1806 a.
209 1778 242 1806 7.
256 1776 366 1817 ψήφων.
378 1778 427 1808 καὶ
440 1777 627 1818 ἀτιμωθέντα
639 1780 747 1819 ἀπᾶραι
760 1789 787 1807 a.

75 1820 106 1849 9.
131 1818 178 1849 τόν
199 1825 268 1851 ante
292 1820 467 1863 Ἀλέξανδρον
493 1832 553 1852 om.
578 1832 605 1852 a.
633 1832 662 1852 v.
686 1821 789 1852 Bekk.

819 1431 901 1461 Ibid.
933 1429 1099 1472 πυθόμενος]
1130 1429 1298 1469 πειθόμενος
1326 1440 1354 1459 a.
1383 1429 1536 1469 πυθόμενον

821 1474 923 1505 Bekk.
969 1477 1020 1504 11.
1038 1473 1123 1503 αὐτοῦ
1144 1484 1203 1503 om.
1218 1484 1244 1503 a.
1262 1474 1291 1503 h.
1308 1484 1336 1503 v.
1382 1473 1462 1502 Ibid.
1484 1473 1533 1503 τέ-

819 1529 885 1559 χνην
905 1516 1001 1550 αὐτοῖς
1022 1516 1131 1556 διδάξαι
1153 1528 1179 1547 a.
1203 1516 1233 1546 h.
1254 1527 1284 1547 v.
1331 1517 1381 1546 13.
1403 1514 1534 1546 ἐθελῆσαι

821 1571 848 1591 a.
863 1562 891 1591 h.
938 1560 1018 1590 Ibid.
1042 1558 1250 1601 συμζαλᾶντα]
1272 1558 1386 1590 εἰπόντα
1405 1570 1431 1588 a.
1480 1562 1531 1590 16.

821 1604 1023 1643 Δημοσθένους
1037 1602 1066 1634 δὲ
1081 1603 1093 1632 ὁ
1108 1602 1274 1642 ἀδελφιδοῦς
1287 1604 1316 1633 h.
1363 1605 1412 1632 17.
1423 1614 1535 1642 τραγῳ-

821 1646 928 1677 δοποιοῢ
952 1657 978 1676 a.
1001 1647 1029 1677 h.
1053 1658 1082 1676 v.
1105 1647 1205 1676 Bekk.
1250 1656 1320 1686 peu.
1345 1644 1492 1681 Σουννίωνος
1507 1657 1535 1675 a.

822 1691 903 1721 Ibid.
921 1689 946 1719 δ’
959 1700 1017 1720 om.
1034 1701 1060 1720 a.
1077 1688 1179 1719 ἐνθένδ’
1192 1688 1233 1719 οἷν
1248 1690 1277 1719 h.
1291 1699 1321 1719 v.
1336 1689 1438 1718 Bekk.

865 1744 896 1773 p.
921 1734 976 1763 liv.
1007 1735 1037 1763 ¹2.
1066 1732 1135 1762 κατ’
1165 1733 1277 1774 ἀγροὺς]
1308 1732 1474 1771 καταγνούς.
1503 1743 1534 1762 v.

822 1777 904 1807 Ibid.
926 1777 958 1806 ἂν
979 1774 1091 1806 ἐνθένδεν
1105 1787 1132 1806 a.
1178 1779 1209 1807 3.
1230 1776 1242 1806 ὁ
1264 1787 1323 1807 om.
1339 1776 1368 1806 h.
1386 1787 1416 1807 v.
1433 1775 1533 1806 Bekk.

822 1820 905 1850 Ibid.
919 1818 1076 1855 Κοθωκύῶις
1091 1829 1118 1849 a.
1301 1841 1307 1846 ,

86 1933 471 1973 ΑΠΟΛΛΩΝΙΟΥ
502 1935 636 1974 ΠΕΡΙ
670 1932 951 1974 ΑΙΣΧΙΝΟΥ
983 1931 1265 1971 ΡΗΤΟΡΟΣ.
1297 1941 1337 1969 a.
1371 1926 1516 1969 Bekk.

116 2019 250 2058 p.11v.1.
268 2020 296 2051 δὲ
308 2031 369 2051 om.
381 2032 410 2052 a.
422 2022 450 2052 h.
464 2032 491 2052 v.
506 2021 608 2052 Bekk.
653 2023 682 2051 2.
696 2018 785 2050 ΚοΘω·

75 2062 158 2096 κύδης
172 2074 199 2093 a.
217 2062 375 2098 Καθωνίδης
392 2076 420 2094 v.
464 2066 496 2094 7.
509 2065 521 2094 ο“
535 2075 595 2094 om.
608 2063 709 2095 Bekk.
757 2065 786 2093 9.

74 2105 161 2148 ἡρῴῳ]
179 2106 291 2146 τεμένει
307 2117 334 2137 a.
384 2109 434 2138 13.
450 2106 694 2141 ἀλαβαστοθήκας
709 2107 739 2136 h.
755 2117 783 2136 ν.

74 2149 174 2180 Bekk.
218 2151 269 2181 15.
285 2150 571 2191 ὑπογραμματεῦσαι
585 2162 614 2182 v.
658 2152 709 2181 16.
720 2149 785 2179 τοῦ-

73 2193 122 2234 το]
139 2191 171 2222 τὸ
185 2194 307 2223 τοιοῦτον
321 2203 348 2223 a.

115 2246 146 2275 p.
160 2236 202 2266 lv.
216 2239 247 2266 2.
264 2235 411 2266 κολακείαν
429 2235 575 2268 πολιτείαν
592 2234 716 2269 ἐναντίως
734 2246 786 2265 πο-

77 2278 270 2310 λιτεύσασθαι
297 2281 358 2313 τοῖς
383 2280 444 2321 περὶ
461 2287 508 2316 Δ.,
524 2279 650 2313 ἐναντίως
671 2279 718 2309 καὶ
735 2278 785 2308 αὗ-

75 2323 134 2356 τοῖς
154 2323 407 2363 πολιτευσαμένοις
427 2325 488 2359 τοῖς
511 2329 542 2353 Φ.
564 2325 722 2364 πράγμασι
737 2322 786 2351 καῖ

73 2363 265 2406 Ἀλεξάνδρου.
287 2365 331 2396 δ’τι
358 2377 385 2396 a.
430 2368 461 2396 5.
486 2367 656 2400 βασιλεῦσιν
679 2365 786 2407 Αἰσχί-

73 2419 126 2444 νης,
141 2408 218 2438 ἄλλα
235 2419 262 2439 a.
306 2408 390 2439 Ibid.
407 2407 472 2439 ἐστι
486 2421 546 2440 om.
564 2421 590 2440 a.
635 2412 665 2440 6.
687 2408 784 2449 ἐκεῖνο]

76 2449 157 2481 ἐκεῖνό
176 2451 254 2482 ἐστιν
273 2462 300 2482 a.
323 2451 424 2482 ἐκείνων
439 2453 468 2482 h.
512 2456 544 2483 7.
569 2453 634 2494 ἱεροῦ
657 2453 716 2493 περὶ
736 2453 787 2486 τῆς

74 2493 217 2534 γενομένης
235 2493 326 2525 ἐκεῖσε
345 2497 488 2538 ταραχῆς,
504 2497 685 2527 ἀπελάσασα
704 2493 787 2525 αὐτὸν

76 2537 202 2574 ἧβουλῆ,
226 2539 261 2572 ὡς
277 2538 325 2568 οὐκ
346 2549 373 2569 a.
418 2542 448 2571 9.
466 2539 510 2578 τῷ
533 2538 685 2570 Ἀθηναίων
705 2540 733 2569 h.
756 2549 785 2568 v.

78 2579 179 2611 Bekk.
212 2584 260 2611 11.
275 2582 436 2622 Σωκράτους
451 2583 500 2612 καὶ
515 2583 666 2616 Πλάτωνος
678 2593 704 2612 a.
735 2584 786 2612 14.

77 2624 163 2654 αὑτοῦ
194 2624 296 2655 Bekk.
340 2626 419 2655 lbid.
437 2626 499 2666 περὶ
517 2636 578 2656 om.
591 2626 620 2655 h.
636 2636 665 2655 v.
682 2625 785 2656 Bekk.

76 2666 156 2696 Ibid.
168 2666 319 2707 πρεσβείας
331 2679 359 2699 a.
369 2670 556 2709 approbante
567 2668 710 2699 Reiskio.
735 2669 786 2698 15.

79 2707 198 2750 φατρίας
219 2709 344 2742 codices
360 2717 391 2743 et
407 2711 510 2743 Bekk.
557 2715 607 2743 16.
629 2714 683 2742 τῶν
708 2710 786 2752 Ἐτ.]

820 2019 870 2048 τοῦ
882 2017 942 2049 Ἐτ.
958 2027 984 2047 a.
1002 2017 1032 2047 h.
1047 2029 1076 2048 v.
1093 2016 1197 2048 Bekk.
1241 2017 1324 2046 Ibid.
1339 2015 1395 2046 ὅθεν
1415 2016 1463 2046 καὶ
1482 2017 1536 2050 τῆς

819 2059 937 2096 Ἀθηνᾶς
952 2059 1030 2090 ἐστὶν
1045 2059 1136 2100 ἶὲξεια.
1149 2059 1236 2101 χρόνῳ
1252 2058 1278 2088 δ’
1290 2058 1401 2099 ὕστεξον
1416 2069 1443 2089 a.
1483 2062 1536 2090 17.

819 2102 888 2145 νέος]
903 2102 931 2137 ὃς
947 2114 976 2134 v,
1021 2103 1103 2133 Ibid.
1127 2102 1217 2144 ἥθλει]
1239 2103 1342 2132 κάλλει
1359 2103 1388 2133 h.
1404 2113 1434 2132 v.
1481 2105 1533 2133 18.

821 2146 846 2177 ἐν
874 2146 917 2186 τῷ
946 2145 1066 2187 πολέμῳ
1094 2157 1153 2176 om.
1179 2156 1206 2175 a.
1260 2146 1339 2176 lbid.
1370 2146 1533 2185 τριάκοντα.

820 2190 1072 2230 στρατευσάμενος
1095 2188 1124 2219 δὲ
1148 2188 1246 2222 εἰνοίας
1267 2200 1294 2219 a.
1340 2190 1390 2220 19.
1421 2188 1535 2229 εἰνοίας]

820 2234 867 2263 καῖ
883 2233 983 2267 εὐνοίας
1000 2245 1028 2263 ν.
1083 2235 1135 2264 20.
1152 2231 1254 2262 ἔιῶσαι
1276 2242 1302 2262 a.
1323 2232 1353 2261 h.
1380 2244 1409 2262 v.
1431 2231 1534 2262 Bekk.

821 2279 872 2307 21.
896 2275 1048 2307 ἐνενήκοντα
1075 2287 1101 2306 a.
1161 2277 1213 2306 25.
1230 2277 1353 2315 νεώτερον
1380 2286 1407 2306 a.
1453 2274 1535 2305 Ibid.

820 2320 912 2350 αὐτῶν
927 2321 956 2350 h.
970 2320 1096 2350 maimo&
1112 2329 1140 2349 a.
1156 2318 1260 2349 Bekk.
1277 2324 1318 2353 et,
1332 2318 1414 2357 quod
1431 2323 1535 2348 notare

820 2362 1015 2403 praetermisi,
1043 2363 1152 2393 Reisk.
1205 2363 1258 2393 26.
1287 2360 1428 2402 γενόμενον
1454 2360 1536 2400 ἀξίως

820 2406 868 2437 καὶ
883 2408 978 2441 καλῶς
992 2417 1018 2436 a.

865 2461 894 2490 p.
908 2449 964 2480 lvi.
981 2452 1008 2479 1.
1023 2448 1053 2479 δὲ
1067 2449 1116 2479 τὴν
1130 2448 1240 2488 πρώτην
1253 2448 1284 2478 h.
1328 2449 1358 2478 3.
1376 2439 1413 2481 είς
1426 2457 1485 2477 om.
1503 2458 1533 2476 v.

821 2493 904 2523 Ibid.
921 2493 1059 2522 Φιτοῧντα
1075 2503 1101 2522 a.
1148 2491 1227 2522 lbid.
1246 2492 1363 2530 πομπὴν
1382 2489 1429 2519 καὶ
1444 2489 1536 2520 κινδύ-

819 2547 862 2567 νου
876 2535 1019 2576 γενομένου
1035 2546 1060 2565 a.
1106 2539 1137 2566 4.
1156 2534 1217 2575 [δὲ]
1236 2534 1338 2565 Bekk.
1385 2536 1414 2563 6.
1431 2532 1536 2571 Ταμύ-

821 2590 885 2617 γαις
894 2590 921 2609 a.
966 2581 997 2609 7.
1010 2577 1187 2619 μαχόμενος,
1201 2578 1249 2607 καὶ
1263 2576 1445 2607 ἐτελεύτησεν
1460 2577 1536 2605 ἀναι-

820 2621 903 2662 ρεθεῖς
918 2632 945 2652 a.
986 2626 1035 2652 11.
1054 2621 1194 2654 Δηλιακὸς
1208 2620 1255 2650 καὶ
1270 2619 1347 2654 νόθος
1362 2620 1389 2648 h.
1401 2629 1430 2648 v.
1465 2629 1536 2658 pen.

821 2664 1072 2706 Παραπρεσβείας]
1090 2665 1168 2705 παρὰ
1183 2666 1235 2699 τῆς
1250 2661 1402 2704 πρεσβείας
1418 2662 1447 2692 h.

559 2825 710 2863 KATA
742 2823 1057 2862 TIMAPXOY.

341 2915 538 2940 ΎΠΟΘΕΣΙΣ.

80 3000 83 3002 “
122 3001 152 3030 p.
168 2994 198 3024 6.
214 2997 245 3024 1.
264 2992 311 3024 τᾶν
326 3004 387 3025 om.
408 3005 438 3032 g.
457 2994 490 3025 h.
505 3005 537 3025 v.
553 3006 556 3009 ·
581 2997 611 3026 2.
625 2995 788 3036 Φίλιππον]

79 3033 159 3065 aba-bv
175 3046 203 3066 a.
248 3037 332 3069 Ibid.
345 3037 439 3080 αὐτῷ]
454 3038 550 3073 αὐτοῖς
565 3049 594 3079 g.
639 3041 671 3071 5.
687 3045 762 3078 Τιμ.
778 3040 790 3069 ὅ

819 2908 966 2950 Ἀριζήλου
982 2909 1012 2938 b.
1058 2907 1141 2938 Ibid.
1163 2905 1310 2947 πολιτεία]
1333 2905 1414 2935 πόλει
1427 2906 1457 2935 h.
1502 2907 1532 2937 9.

822 2953 874 2992 γαρ
888 2962 947 2982 om.
958 2962 986 2990 g.
1005 2952 1034 2981 b.
1047 2961 1076 2980 v.
1116 2950 1197 2980 Ibid.
1215 2949 1309 2991 αὐτῷ]
1326 2947 1408 2978 αὐτὸν
1423 2959 1452 2988 g.
1482 2951 1534 2978 10.

823 2997 859 3030 ὡς
879 2995 926 3025 καὶ
946 2993 1133 3034 Δημοσθένης
1151 2992 1233 3033 φησὶν
1247 2991 1273 3021 ἔν
1289 3003 1315 3022 u.
1360 2994 1412 3022 12.
1428 2990 1461 3020 τὸ
1477 2996 1534 3020 λοι-

823 3038 873 3069 πόν
890 3049 950 3069 om.
963 3048 993 3077 g.
1038 3037 1118 3068 lbid.
1143 3036 1295 3071 συστήσας
1311 3036 1340 3066 b.
1354 3035 1455 3067 Bekk.
1476 3034 1535 3063 δια-
