1916 3340
280 170 333 212 92

615 284 657 311 Ψ.

281 365 434 405 ψεύδεσθαι
446 369 493 399 τὴν
509 366 677 409 ὑπόσχεσιν,
691 367 794 399 fallere
813 367 987 409 promissio-

322 421 407 447 nem,
423 411 521 441 verbis
536 411 628 441 fidem
650 411 763 441 nullam
787 412 855 451 ipsa
877 421 910 441 re
934 412 987 441 ad-

323 459 448 484 struere.
476 456 528 489 20,
553 457 604 484 10.
629 452 776 492 ἐψεύσθω,
798 454 988 496 <imperativ.

323 496 404 536 perf.
424 497 524 537 pass.)
543 496 689 528 fefellerit
709 497 813 533 fidem,
834 497 895 532 fac,
917 507 988 527 eum

323 539 479 571 fefellisse.
497 543 548 576 23,
565 543 615 570 18.
638 539 720 573 οὐδεὶς
742 543 796 570 τῶν
815 538 988 580 ψευδομένων

322 583 383 617 τοῖς
397 581 497 616 ἀδίκως
518 583 750 624 διαβαλλομένοις
771 581 918 623 ὀργίζεται.
937 585 989 619 28,

322 626 354 654 7.
377 624 529 662 ψεύδεσθαι
544 625 660 660 ἐλπίδας
675 625 756 660 τινός.
771 628 825 662 34,
841 629 889 656 11.
914 627 988 664 ἡγεῖ-

321 679 385 704 ται,
397 667 463 698 ὅταν
474 681 503 699 τι
515 668 664 707 ψεύδηται,
677 668 750 709 ὅρκος
757 671 836 700 κατὰ
846 672 900 699 τῶν
913 670 988 699 ἀναι-

325 711 456 753 σχύντων
484 711 657 752 ὀφθαλμῶν.
686 715 740 748 48,
765 714 818 744 33.
853 713 876 742 οἳ
906 712 988 743 ἄλλοι

321 754 466 795 ἀλαζόνες,
484 754 550 784 ὅταν
564 767 594 785 τι
611 755 778 793 ψεύδωνται,
801 754 919 796 ἀόριστα
941 756 990 785 καῖ

321 798 424 837 ἀσαφῆ
445 801 592 851 πειρῶνται
615 797 712 836 λέγειν.
739 801 792 834 67,
811 801 864 830 36.
892 797 990 836 ψεύδε-

322 839 389 870 σθαι
405 839 474 880 μεθ’
487 840 572 892 δ’ρκου.
590 843 642 877 67,
654 844 706 873 38.
730 841 987 881 ἀλαζονευόμενος“
971 854 991 871 α

322 893 502 924 παραχρημα
517 882 655 925 ἐξελέγχῃ
668 883 843 923 ψευδόμενος.
859 887 912 920 85,
927 888 975 915 10.

281 924 395 966 ψευδὴς]
418 926 551 966 λοιδορίας
566 926 603 964 ψε
607 928 675 961 υδεις
697 928 745 957 ούκ
759 927 823 967 ἐμοὶ
838 927 918 968 μόνον
933 934 990 957 λοι-

322 967 485 1008 δορούμενος.
511 971 636 1006 29,17.
667 969 760 1004 ὄνειδος
783 969 816 1000 τὸ
840 969 941 1009 ψευδὲς
961 971 989 1001 οὗ

322 1010 476 1052 περαιτέρω
497 1014 549 1047 τῆς
570 1013 651 1047 ἇκοης
671 1014 841 1052 ἀφικνεῖται.
861 1016 914 1050 48,
938 1017 988 1044 11.

320 1055 490 1085 συντάττειν
504 1056 583 1084 κατα
603 1067 666 1086 τινα
682 1055 793 1094 ψευδεῖς
811 1055 988 1098 κατηγορίας.

319 1099 374 1134 52,
387 1100 440 1129 36.
456 1097 581 1140 ἐρανίζειν
594 1100 750 1139 στεφάνους
759 1100 807 1130 και
816 1100 990 1141 κηρυγματα

320 1138 417 1177 ψευδη.
434 1143 488 1177 60,
502 1145 532 1173 4.
555 1141 665 1181 ψευδεῖς
679 1145 759 1173 κατὰ
771 1147 826 1174 τῶν
842 1147 989 1185 λογισμῶν

319 1182 427 1223 δόξας”
414 1195 537 1226 εχοντες.
553 1188 606 1222 62,
623 1188 654 1217 9.

277 1225 467 1278 ψευδολογεῖν,
489 1229 583 1259 falsos
605 1239 742 1261 rumores
765 1240 919 1272 spargere,
940 1231 989 1261 vel

319 1271 520 1302 comminisci.
536 1274 590 1308 43,
602 1275 656 1303 41

279 1312 522 1355 ψευδομαρτυρίαι]
544 1313 787 1358 ψευδομαρτυριῶν
802 1317 917 1346 ἁλῶναι.
939 1318 989 1353 12,

280 1397 381 1434 ψεῦδος
395 1398 549 1439 ἐπιφέρειν.
565 1402 618 1436 59,
633 1403 686 1431 21.

278 1439 423 1482 ψηφίζειν]
447 1442 563 1482 κρύβδην
581 1443 760 1484 ψηφιζόντων
781 1444 824 1485 (si
840 1445 918 1475 bene
935 1444 989 1474 ha-

319 1485 373 1514 bet
402 1494 439 1514 ea
466 1485 573 1526 lectio)
605 1490 661 1517 τῶν
686 1486 851 1520 Βουλευτῶν.
882 1489 914 1522 5,
937 1490 989 1517 40.

318 1526 396 1569 ὑπὲρ
411 1527 504 1559 αὐτῶν
519 1527 726 1568 ψηφιεισθαι
703 1541 738 1560 ων
751 1531 765 1561 ἧ
783 1528 891 1570 δίωξις
887 1529 912 1561 ff.
938 1533 990 1567 22,

320 1572 372 1600 12.
395 1570 490 1612 εὔορκα
506 1570 689 1611 ψηφίζεσθαι.
705 1575 759 1607 55,

277 1611 436 1654 ψήφισμα]
469 1613 569 1652 γραφει
586 1613 609 1642 δ’
623 1613 648 1641 ἐν
663 1625 724 1646 τοις
743 1576 931 1653 ψηφίσμασιν
948 1615 991 1644 εὐ-

317 1657 378 1696 χὰς
400 1655 469 1693 ὑπὲρ
491 1667 542 1688 της
564 1655 672 1689 πόλεως
689 1656 757 1689 ταῖς
772 1658 892 1695 σεμναῖς
906 1656 992 1691 Θεαῖς.

320 1700 373 1732 26,
392 1699 445 1727 37.
468 1696 583 1736 ἐπείγειν
609 1696 764 1738 ψήφισμα.
788 1701 842 1734 42,
857 1702 911 1730 30.
949 1700 991 1729 εὔ-

318 1742 380 1781 χὰς
393 1739 418 1770 ἐν
434 1742 494 1774 τοῖς
508 1738 684 1781 ψηφίσμασι
699 1740 851 1772 ποιεῖσθαι.
867 1745 920 1778 49,
937 1744 988 1773 24.

317 1783 372 1813 ὅσα
393 1795 439 1817 τις
462 1782 568 1824 αῖρετός
590 1782 713 1837 πρρίττει
733 1787 813 1815 κατὰ
833 1784 988 1826 ψήφισμα.

319 1827 372 1862 55,
388 1828 442 1857 33.
465 1826 655 1867 πραγματεία
675 1828 914 1869 προστεταγμένη
937 1840 989 1858 κα-

317 1871 359 1899 τὰ
374 1868 527 1910 ψήφισμα.
545 1873 597 1905 55,
610 1872 664 1900 37.
685 1871 747 1910 νικᾷ
758 1870 913 1912 ψηφισμα.
936 1875 990 1909 63,

320 1915 372 1942 21.
395 1911 564 1953 μακρότερον
579 1914 629 1946 τῆς
640 1911 755 1948 Ἰλιοίδος
766 1913 919 1953 ψήφισμα.
936 1917 989 1951 67,

318 1955 437 1996 penult.
470 1952 693 1997 προστάγματα
716 1958 756 1987 rr&
780 1956 811 1986 ἐκ
831 1958 881 1987 τοῦ
901 1956 990 1998 ψηφί-

319 2009 438 2038 σματος
462 1997 596 2037 διεξιέναι.
619 2000 738 2035 75,35.
770 2003 989 2040 «παραναγνῶναι

319 2041 363 2080 τῷ
377 2039 551 2080 ψηφίσματι
564 2053 628 2077 τους
641 2041 748 2082 νόμους.
766 2045 818 2080 82,
831 2044 884 2075 35.
899 2045 988 2096 “aqae-

319 2085 374 2113 λῶν
389 2095 438 2114 την
449 2082 609 2123 ἀλαζονείαν
619 2097 666 2115 και
683 2097 728 2115 τον
742 2085 852 2127 κόμπον
865 2087 915 2117 τοῦ
932 2086 988 2126 ψη-

319 2125 480 2167 φίσματος.
491 2130 545 2164 87,
556 2129 609 2160 35.

277 2168 384 2211 ψῆφος]
408 2172 464 2199 τῶν
484 2169 613 2210 ψηφων’
603 2184 617 2202 η
638 2171 833 2213 τετρυπημένη
848 2172 903 2212 ὅτῳ
917 2173 992 2203 δοκεῖ

317 2213 550 2265 (ωεπορνευσθαι
574 2212 757 2256 Τίμαρχος),
776 2217 790 2246 ἧ
820 2217 850 2247 δη
870 2216 987 2258 πληρης,

319 2254 376 2295 &w
382 2268 449 2307 μη.
468 2259 520 2293 11,
532 2258 585 2287 34.
615 2258 733 2288 απόδοτε
757 2261 805 2290 τὴν
831 2258 921 2300 ψηφον
944 2260 988 2300 τῷ

320 2296 424 2330 πλείονι
446 2297 542 2340 χρόνῳ.
572 2301 622 2336 13,
635 2303 686 2330 23.
718 2300 743 2333 ἐν
770 2314 806 2332 τη
836 2301 932 2342 ψηφᾳι,
955 2303 987 2333 in

319 2341 538 2382 suffragatione
561 2342 641 2382 ipsa,
660 2354 728 2373 curn
744 2355 790 2376 res
814 2345 988 2377 devenisset

320 2385 360 2415 ad
374 2385 633 2426 suffragationem.
654 2387 704 2423 15,
718 2387 771 2418 ult.
792 2400 869 2419 νικαν
882 2401 917 2419 τη
904 2388 987 2427 ψη-

320 2435 374 2467 <qu-
389 2429 444 2463 39,
460 2430 513 2458 36.
536 2427 673 2469 σωτηρίας
693 2430 741 2458 καῖ
767 2429 830 2472 ψηφ
833 2444 861 2461 ου
875 2434 985 2473 τυχειν.

320 2476 443 2501 rectene
459 2471 576 2501 habet?
599 2473 653 2508 43,
668 2474 719 2502 28.
736 2440 936 2514 διδόναιψῆφον
947 2477 991 2506 δεῖ

320 2514 363 2553 τῷ
387 2525 436 2543 Τθυ
462 2513 546 2555 νόμον
563 2513 669 2554 δικαίῳ,
693 2516 721 2545 Οὔ
750 2527 786 2556 ’Τῃ
812 2529 860 2546 Τθυ
884 2518 988 2559 ῥήτοξῦς

321 2557 519 2598 ἀναισχυντίᾳ.
537 2558 654 2593 56,13.
677 2560 718 2588 τοὶ
739 2559 872 2598 μέγιστα
892 2564 946 2591 τῶν
963 2561 988 2591 ἐν

321 2610 357 2630 τη
373 2599 454 2630 πόλει
470 2598 632 2640 συνεδρίων
622 2600 683 2631 υωδ
698 2602 746 2632 τὴν
761 2605 816 2631 τῶν
831 2602 988 2644 δικαστηρί-

322 2653 356 2672 ων
380 2641 496 2684 ἔρχεται
515 2642 615 2683 ψηφον.
628 2645 680 2680 56,
696 2646 747 2675 29.
771 2645 847 2683 ἄγειν
867 2646 919 2676 ὑπὸ
941 2659 989 2678 την

323 2683 422 2725 ψηφον.
444 2689 496 2723 56,
511 2689 561 2718 31.
585 2686 752 2727 ἐξαιρεῖσθαι
775 2690 830 2717 τῶν
850 2689 991 2721 δικαστῶν

324 2730 378 2763 τὰς
394 2727 528 2770 ψηφους’
518 2741 549 2760 εκ
566 2732 620 2761 τῶν
634 2733 740 2773 χειρῶν,
754 2733 805 2768 57,
823 2735 871 2762 10.
904 2732 988 2772 ψηφῳ

510 167 705 210 INDEX
748 167 1124 210 GRAECITATIS
1165 170 1518 213 AESCHINEAE.

1065 280 1161 321 πρώτη
1187 282 1229 319 μη
1257 280 1334 321 λυθῇ
1355 280 1388 310 τὸ
1413 279 1580 321 παράνομον.
1603 282 1726 317 82,15.

1065 322 1154 352 αἰτεῖν
1169 335 1217 354 την
1233 322 1335 364 ψῆφον,
1356 334 1461 364 rogare
1480 324 1614 365 judices,
1629 327 1663 354 ut
1682 334 1729 355 se·

1065 366 1202 396 cundum
1229 377 1296 397 eam
1320 372 1436 408 partem
1468 368 1544 397 dent
1563 366 1730 407 ᾐηόίοἰυῃῑ]

1065 408 1113 438 cui
1139 409 1206 449 ipse
1230 410 1326 440 favet.
1349 412 1402 446 82,
1427 411 1479 440 17.
1510 412 1559 440 18.
1592 409 1731 449 διενεγκεῖν

1065 454 1113 482 τὴν
1133 453 1245 492 πρώτην
1260 451 1349 492 ψηφεν
1375 455 1454 484 κατα
1468 464 1533 487 τους
1553 451 1661 493 νόμους.
1676 455 1733 489 82,

1066 495 1118 524 20.
1141 494 1202 535 ἆνηρ
1217 498 1269 537 γὰρ
1285 496 1394 530 ἰδιώτης
1406 495 1432 525 ἐν
1447 495 1528 527 πόλει
1543 495 1732 536 δημοκρατου-

1064 536 1133 578 μένη
1163 539 1238 578 νόμῳ
1265 550 1312 568 και
1345 538 1431 579 ψηφῳ
1453 538 1607 571 Βασιλεύεμ
1630 541 1684 575 87,
1700 541 1732 569 8.

1065 579 1157 619 ψῆφος
1172 582 1278 635 &farne
1290 580 1414 622 φέρεται.
1430 585 1550 617 87,13.
1573 580 1671 621 φέρετε
1685 582 1733 612 τὴν

1066 621 1157 663 ψηφον
1181 624 1219 658 εἷς
1238 625 1435 664 ἀπολογισμὸν
1457 627 1517 660 τοῖς
1542 635 1662 677 παρουσι
1678 627 1732 654 τῶν

1065 670 1200 703 πολιτῶν,
1230 666 1438 708 ἐπερησομένοις
1466 668 1493 699 δὲ
1517 669 1607 709 ὑμᾶς,
1629 666 1662 698 τί
1680 666 1735 697 ἐδι-

1064 708 1180 750 κοίζετε.
1192 713 1245 748 89,
1262 713 1292 741 8
1316 711 1377 742 ἴσαι
1393 711 1480 751 ψηφοι
1502 710 1582 752 αὐτῷ’
1602 708 1732 770 ἐγένοντο.

1067 755 1120 789 89,
1137 755 1189 785 35·

1024 793 1280 838 ψυχαγωγεισθαι]
1312 795 1464 833 ἀντιθέτοις
1494 796 1734 836 ἐπιβεβουλευμέ-

1065 850 1117 875 νοις
1139 840 1187 870 και
1214 839 1363 871 κακοήθεσι
1392 839 1652 882 ψυχαγωγεῖσθαι.
1681 842 1734 877 28,

1024 924 1121 967 ψυχη]
1139 926 1285 966 ευγνώμων
1300 924 1668 977 ψυχη.19,18.γένησθε
1681 928 1736 962 τὰς

1066 968 1169 1012 ψυχας
1190 970 1239 1010 (id
1255 975 1302 1001 est
1316 971 1396 1000 κατὰ
1410 972 1467 1004 τὰς
1480 967 1625 1011 ψυχὰς)’
1614 969 1659 1010 εφ’
1673 969 1737 1000 ἐτέ-

1067 1024 1125 1053 ρων,
1141 1012 1275 1045 animum
1292 1013 1361 1043 aliis
1376 1014 1466 1044 rebus
1482 1013 1660 1044 attendatis.
1681 1014 1735 1049 25,

1067 1058 1119 1087 26.
1142 1055 1197 1095 ἕξις
1220 1068 1271 1090 της
1292 1054 1400 1098 ψυχης.
1426 1059 1480 1093 27,
1502 1059 1533 1087 2.
1555 1055 1631 1096 φόνος
1651 1066 1735 1087 com-

1065 1100 1194 1130 mittitur
1209 1100 1298 1130 trium
1311 1110 1406 1129 rerum
1419 1100 1587 1136 ablatione,
1601 1099 1615 1130 ἢ
1627 1098 1735 1140 ψυχῆς,

1067 1141 1201 1179 ἢοῦσίας,
1223 1142 1237 1174 ἢ
1258 1140 1418 1182 ἐπιτιμίας.
1444 1145 1497 1180 39,
1519 1146 1572 1174 42.
1600 1141 1736 1183 ἄστοργος

1065 1188 1114 1217 τὴν
1126 1185 1231 1227 ψυχήν.
1248 1188 1302 1221 47,
1318 1188 1371 1217 29.
1394 1187 1561 1226 μετακαλεῖ
1575 1187 1623 1216 τὴν
1639 1184 1736 1226 ψυχὴν

1066 1228 1123 1260 ἀπο
1146 1240 1196 1263 της
1213 1228 1288 1269 ὄργης
1303 1229 1315 1258 ὅ
1330 1228 1466 1264 κίνδυνος’
1456 1229 1512 1259 ewa
1534 1240 1600 1262 τους
1612 1240 1665 1262 της
1679 1240 1736 1258 σω-

1066 1272 1161 1313 τηρίας
1175 1271 1281 1310 λόγους.
1294 1274 1347 1306 49,
1365 1275 1417 1303 30.
1438 1274 1493 1307 τας
1504 1269 1672 1312 φιλοτίμους
1686 1271 1736 1300 καὶ

1066 1314 1128 1344 λίαν
1141 1314 1230 1354 ὀξείας
1250 1313 1616 1356 ψυχὰςέρεθίζοντες.52,
1639 1317 1670 1344 1.
1691 1312 1737 1343 θό-

1066 1357 1140 1398 ρυζον
1154 1360 1209 1386 τῶν
1224 1360 1402 1396 συκοφαντῶν
1417 1356 1463 1388 ηδη
1483 1357 1583 1387 πολλοι
1606 1367 1660 1386 των
1682 1359 1737 1390 τὰς

1067 1399 1190 1442 ψυχας’
1181 1411 1206 1429 εν
1220 1401 1280 1434 τοῖς
1289 1399 1434 1439 ωολέμοις
1448 1402 1587 1440 λαμπρων
1601 1400 1655 1440 οὐχ
1667 1398 1735 1429 ὑπέ-

1066 1454 1188 1474 στησαν.
1205 1445 1259 1478 52,
1275 1445 1327 1475 26.
1351 1454 1430 1472 κακοι
1453 1454 1501 1474 την
1520 1441 1614 1484 ψυχὴν
1634 1442 1671 1476 εἷς
1690 1453 1737 1471 τον

1066 1486 1151 1526 δημον
1167 1485 1304 1524 γίνωνται.
1321 1488 1373 1522 60,
1390 1488 1441 1517 13.
1455 1485 1552 1528 χείρων
1562 1496 1674 1525 γενηται
1687 1496 1737 1516 την

1069 1528 1173 1571 ψυχήν.
1193 1530 1247 1565 60,
1263 1530 1314 1560 15.

1362 1665 1402 1688 Ω.

1024 1741 1106 1772 ὠθεῖν
1127 1741 1184 1774 ἀπὸ
1199 1744 1254 1773 τῶν
1269 1743 1339 1783 ῖεριῒιν
1352 1743 1398 1774 τὸν
1412 1743 1594 1783 πρεσβευτήν.
1614 1745 1667 1779 39,
1682 1746 1734 1774 30.

1066 1784 1142 1817 ὢθεῖν
1170 1787 1234 1821 τοὺς
1258 1785 1383 1821 ἧὲὣντας
1414 1789 1494 1817 κατὰ
1522 1789 1577 1816 τῶν
1603 1789 1735 1827 κρημνῶν.

1066 1831 1120 1866 47,
1135 1831 1167 1860 4.

1023 1871 1172 1912 ὠκύμορος,
1189 1873 1286 1903 brevis
1303 1872 1371 1903 aevi·
1388 1875 1440 1907 21,
1453 1875 1506 1904 22.

1023 1914 1109 1954 ωνιος]
1133 1914 1261 1955 αἳματος
1275 1928 1289 1946 η
1305 1916 1386 1956 ἀρετη
1401 1915 1474 1946 ὠνία.
1489 1916 1543 1950 76,
1555 1916 1608 1945 27.

1022 1957 1088 1998 ὥρα,
1111 1957 1146 1998 1)
1162 1959 1249 1994 hora,
1260 1963 1393 1999 tempus.
1408 1969 1435 1988 ην
1451 1957 1517 1998 ὥραν
1527 1957 1656 1998 προσηκει
1671 1956 1736 1988 ἰέναι

1065 1999 1111 2030 τὸν
1122 2001 1212 2031 παῖδα
1228 2013 1274 2031 τον
1288 2000 1421 2042 ἐλεύθερον
1435 2001 1472 2036 εἷς
1491 2002 1691 2031 διδασκαλεῖον.
1705 2004 1736 2036 2,

1065 2046 1118 2074 20.
1153 2044 1191 2085 2)
1208 2045 1397 2084 pulcritudo,
1422 2050 1579 2075 venustas.
1608 2043 1735 2074 ἐκπλητ-

1065 2098 1122 2117 τειν
1136 2090 1198 2118 τινα
1211 2088 1349 2126 διενεγκὼν
1360 2088 1462 2117 καλλει
1477 2099 1525 2117 και
1538 2087 1603 2127 ὥρα,
1618 2087 1736 2127 percel-

1064 2130 1139 2167 lere,
1151 2130 1185 2161 in
1201 2131 1436 2161 admirationem
1448 2141 1555 2172 rapere
1566 2131 1670 2160 formae
1682 2130 1736 2161 de-

1064 2184 1144 2204 core.
1164 2177 1214 2211 19,
1229 2176 1260 2204 4.
1283 2172 1443 2204 καλλίστην
1456 2174 1525 2215 ὥραν
1542 2173 1631 2212 ὅψεως
1650 2174 1736 2203 ἀκλε-

1064 2215 1181 2246 έστατα
1196 2216 1371 2257 διαφθείρας.
1387 2220 1441 2253 22,
1457 2219 1509 2248 38.

1021 2259 1066 2296 ὣς,
1080 2260 1147 2300 pari
1163 2261 1267 2290 modo.
1283 2262 1336 2295 21,
1350 2262 1401 2291 29.

1021 2303 1157 2337 ὡσαύτως
1171 2303 1352 2340 διελύθησαν,
1363 2303 1395 2333 in
1406 2303 1462 2334 has
1472 2303 1637 2344 praedictas
1652 2302 1736 2342 leges

1063 2347 1271 2377 discesserunt
1295 2346 1375 2377 inter
1394 2357 1428 2377 se
1455 2346 1657 2381 reconciliati,
1681 2345 1736 2376 lite

1064 2396 1202 2430 peremta
1217 2394 1249 2420 et
1263 2388 1394 2420 sublata.
1411 2392 1465 2426 10,
1477 2391 1509 2420 7.
1530 2389 1580 2419 vel
1593 2399 1631 2419 eo
1644 2389 1737 2425 facto,

1062 2433 1123 2464 hoc
1139 2434 1242 2463 modo.

1020 2475 1112 2517 ὥστε]
1129 2474 1244 2517 καθαρὸν
1258 2474 1329 2506 ούτω
1343 2476 1399 2517 χρῆ
1414 2474 1461 2506 τδν
1472 2474 1527 2509 βίον
1539 2475 1590 2505 τοῦ
1604 2474 1736 2514 σωφρονος

1064 2518 1154 2560 ἀνδρὸς
1164 2518 1242 2554 εἶναι,
1257 2520 1332 2549 ὥστε
1343 2531 1387 2559 μη
1401 2517 1594 2560 ἐπιδέχεσθαι
1604 2516 1681 2555 δόξαν
1691 2517 1736 2545 αἰ-

1063 2561 1128 2597 τίας
1144 2564 1269 2602 πονηρᾶς.
1289 2565 1322 2598 7,
1338 2564 1390 2592 32.
1415 2561 1501 2596 οὕτως
1522 2559 1634 2602 ἶσχυρόν
1656 2559 1736 2590 ἐστιν

1065 2606 1079 2636 ἣ
1095 2605 1228 2641 Ameana,
1244 2605 1320 2637 ὥστε
1336 2605 1448 2635 πάντων
1459 2603 1609 2658 ἐπικρατεῖ
1620 2605 1674 2632 τῶν
1688 2604 1733 2632 ἀν-

1065 2647 1206 2688 θρωπίνων
1221 2650 1379 2688 λογισμῶν.
1392 2651 1444 2683 12,
1457 2650 1508 2678 16.
1524 2647 1587 2677 ὥστ’
1587 2644 1660 2675 ὀὔδ’
1675 2658 1733 2677 απ-

1065 2690 1236 2722 αντήσεσθαί
1258 2702 1298 2732 με
1330 2690 1378 2722 ἐπὶ
1408 2690 1441 2721 τὸ
1470 2689 1652 2730 δικαστήριον.
1681 2692 1735 2726 24,

1068 2734 1182 2775 penult.
