1916 3340
308 194 421 242 330

311 294 482 334 stupratori
505 304 559 324 suo
582 292 735 326 ἐπιτάττει
753 296 908 336 impensas
932 301 963 325 et
985 295 1030 325 in-

314 342 487 368 strumenta
516 339 610 368 luxus
640 339 780 378 imperat,
809 345 840 369 et
869 339 1030 378 precibus,

312 381 475 424 lacrymis,
498 381 601 418 minis,
616 382 710 417 dolis,
726 383 958 422 quibuscunque
974 392 1030 421 po-

313 429 376 454 test
389 425 506 455 artibus
523 430 698 464 extorquet.
719 437 747 455 v.
765 437 795 465 p.
813 428 865 455 36.
885 436 914 455 v.
931 425 986 455 ult.

356 468 434 498 ibid.
457 479 486 498 v.
506 479 578 507 pen.
601 467 884 510 προαναλίσκουσιν]
917 468 1031 497 Primae

314 511 455 550 syllabae,
478 512 628 542 arbitratu
649 523 730 548 meo,
751 513 873 541 detraxi
897 511 1030 542 sibilum.

313 555 394 584 Nam
417 559 577 594 antequam
596 556 729 585 fructum
750 560 811 585 tuae
834 554 1030 585 liberalitatis

312 598 404 634 feras,
424 608 552 628 necesse
569 603 616 628 est
632 599 701 633 tibi,
726 604 760 628 ut
776 598 805 628 in
826 609 944 628 amores
960 603 1031 627 tuos

311 641 409 671 multa
432 652 552 681 eroges.
587 642 835 672 Gratificationes
859 642 1029 681 puellarum

311 694 386 714 auro
404 685 515 715 volunt
530 685 651 715 redimi.

354 737 387 767 p.
403 730 457 759 39.
473 739 504 758 v.
522 732 552 758 1.
566 727 679 768 τρόπον]
704 728 783 758 Post
797 727 896 768 τρόπον
912 727 1031 758 excidit

311 781 351 800 ex
369 771 504 801 editione
528 772 677 810 Stephani
699 770 895 813 εὐφημότερον,
915 782 1030 807 errore,

310 818 345 843 ut
357 814 492 850 videtur,
505 825 679 853 operarum.
709 816 848 845 Excusat
859 819 962 845 orator
974 815 1030 844 hac

311 857 493 887 circuitione
515 858 682 887 novitatem
699 858 857 895 dictionis,
874 869 936 899 qua
955 869 1029 888 usus

310 904 370 936 est,
388 901 479 934 ἡδονάς
495 912 549 931 τινι
565 899 709 942 παρέχειν.

353 944 380 983 ᾗ.
396 942 446 978 ις’.
461 954 491 983 p.
505 947 558 975 39.
575 956 604 975 v.
621 947 652 974 3.
669 943 702 974 τὸ
718 944 860 985 πρᾶγμα]
885 946 974 980 Rem,
991 944 1029 973 de

310 996 374 1026 qua
388 997 467 1016 nunc
484 988 597 1027 agitur,
613 988 680 1018 scil.
697 988 793 1017 multa
810 998 882 1018 vera
899 998 980 1023 esse,
998 992 1031 1018 et

307 1040 366 1069 pro
384 1030 466 1060 veris
487 1031 605 1067 haberi,
621 1036 712 1070 atque
735 1031 884 1060 noscitari
910 1033 948 1061 ab
965 1041 1030 1061 om-

307 1073 412 1109 nibus,
432 1073 514 1103 haud
539 1074 762 1108 dubitantibus,
786 1074 908 1104 tametsi
933 1079 1030 1105 testes

306 1115 384 1145 nulli
402 1117 621 1156 producantur,
638 1127 694 1147 sua
709 1117 821 1156 cuique
843 1118 1031 1148 conscientia

310 1159 494 1190 sufficiente.

352 1203 429 1232 ibid.
453 1214 484 1233 v.
509 1204 541 1233 5.
566 1202 764 1244 διαψηφίσεις]
791 1203 923 1234 Videtur
945 1203 1029 1235 illam

307 1245 418 1284 populi
436 1247 510 1276 Ath.
528 1247 738 1277 recensionem
762 1248 937 1286 designare,
961 1259 1030 1288 quae

309 1298 393 1327 saepe
406 1299 424 1319 a
438 1289 646 1320 Demosthene
660 1290 692 1320 in
705 1295 782 1321 orat.
795 1291 827 1321 in
845 1291 1030 1322 Eubulidem

307 1337 576 1363 commemoratur.

349 1375 426 1405 ibid.
446 1387 476 1406 v.
501 1379 553 1407 11.
571 1375 706 1416 δημόται,
733 1376 893 1417 ὀμόσαντος
914 1377 1028 1419 οὐδενὸς]

308 1417 441 1448 Correxi
464 1424 495 1448 et
519 1419 697 1458 interpunxi
721 1420 786 1449 sic:
812 1420 937 1460 δημόται
962 1421 1031 1461 ὀμό-

307 1471 420 1497 σαντες,
444 1462 544 1497 οὐδενὸς
559 1480 603 1485 -
619 1463 655 1492 ln
681 1463 834 1493 vocabulo
861 1463 1031 1504 ὀμόσαντες,

307 1505 391 1543 quod
414 1509 520 1543 aptum
545 1510 594 1535 est
619 1516 636 1535 e
661 1516 729 1535 voc.
759 1504 896 1543 δημόται,
914 1505 1030 1535 desinit

307 1548 496 1577 accusatoris
513 1549 632 1586 orati03
647 1550 684 1578 ab
700 1547 799 1583 οὐδενός
809 1548 914 1587 pergit
923 1554 1027 1579 orator

307 1601 394 1620 suam
418 1592 606 1621 continuare.
639 1591 673 1620 Si
696 1590 765 1630 quis
789 1601 891 1621 coram
915 1591 1025 1622 vobis:

305 1635 333 1664 Ο
352 1634 489 1673 judices,
504 1635 599 1672 dicat,
614 1635 694 1664 hune
718 1634 871 1664 hominem
895 1634 1025 1665 tribules

306 1677 355 1707 sui
377 1678 576 1716 jurejurando
604 1678 821 1707 confirmarunt
850 1677 982 1708 alienum
1009 1688 1027 1707 a

304 1720 388 1750 tribu
411 1731 466 1750 sua
495 1731 578 1757 esse,
602 1724 668 1750 tum
695 1731 762 1758 vos,
786 1721 908 1750 tametsi
936 1731 1026 1751 nemo

304 1774 374 1793 eum
390 1773 489 1803 neque
503 1768 640 1800 accuset,
655 1774 755 1803 neque
777 1763 957 1794 testimonio
973 1764 1026 1794 lae·

305 1807 371 1842 dat,
386 1811 492 1837 vestra
506 1808 634 1848 ipsimet
645 1807 832 1837 conscientia
844 1807 932 1845 moti,
945 1807 1026 1837 ultro

306 1850 499 1889 obstrepitis.

348 1893 425 1923 ibid.
444 1904 476 1923 v.
492 1895 544 1924 13.
559 1891 659 1933 οῖμοιι]
690 1892 807 1923 Ordine
822 1892 921 1932 prius,
940 1891 1026 1934 (nam

304 1935 477 1975 insequitur
499 1936 591 1975 paulo
606 1940 677 1975 post
692 1936 791 1976 aliud)
808 1946 826 1965 a
840 1936 974 1975 Tayloro
996 1940 1026 1966 et

303 1979 415 2010 Juriuo
430 1979 583 2008 immerito
596 1984 821 2019 oppugnatum,
833 1980 912 2009 bene
921 1979 1026 2015 habet,

305 2022 493 2061 significans,
504 2023 567 2052 sine
579 2023 679 2058 dubio,
690 2023 751 2058 vel,
760 2027 796 2052 ut
804 2028 1027 2052 consentaneum

303 2071 355 2096 est.
386 2065 438 2095 Sic
454 2066 572 2095 centies
589 2076 607 2095 a
624 2065 832 2096 Demosthene
848 2070 1024 2105 usurpatur.

347 2108 425 2138 ibid.
452 2120 481 2139 v.
499 2110 552 2139 17.
571 2106 739 2150 Τι’μοιςχον]
764 2109 927 2139 Revocavi
951 2109 1027 2139 hanc

304 2152 471 2182 lectionem
495 2157 649 2183 vetustam
675 2158 707 2182 et
733 2154 873 2191 probam,
901 2163 918 2182 a
947 2152 1026 2183 viris

305 2195 407 2225 doctis
431 2196 585 2225 immerito
611 2195 820 2232 sollicitatam,
844 2195 893 2225 cui
914 2194 1027 2237 Τίμαρ-

303 2249 358 2279 χος
374 2238 610 2269 substituerunt.
637 2239 780 2269 AEschini
792 2239 918 2278 propria
932 2245 980 2270 est
991 2250 1027 2269 ea

302 2281 453 2320 loquendi
470 2282 560 2318 ratio,
576 2287 608 2312 ut
625 2282 707 2312 dicat
723 2293 792 2313 eum
807 2282 905 2313 διδόναι
922 2281 1026 2323 ψῆφον,

304 2326 358 2364 qui
380 2325 411 2354 in
439 2335 532 2355 causa
558 2325 625 2361 fuit,
649 2331 683 2355 ut
705 2326 743 2355 de
769 2337 801 2355 se
825 2326 856 2355 in
881 2326 1027 2366 suffragia

304 2368 415 2398 iretur.
444 2368 481 2398 ld
496 2370 578 2408 quod
596 2374 716 2398 constat
731 2380 747 2398 e
765 2369 856 2398 simili
872 2369 955 2405 loco,
972 2370 1025 2409 qui

305 2416 352 2440 est
375 2411 467 2450 paulo
491 2417 562 2442 ante
579 2422 671 2442 versu
696 2414 726 2442 6.
751 2412 804 2442 ubi
828 2412 925 2442 dictio
948 2413 1027 2452 ημῶν

302 2452 427 2489 ἕκαστος
442 2453 534 2494 ψῆφον
553 2453 635 2485 ἔδωκε
652 2455 715 2494 περὶ
732 2456 781 2484 τοῦ
804 2456 946 2495 σώματος
966 2457 1024 2487 hoo

304 2497 470 2537 significat,
488 2498 523 2528 de
538 2508 708 2538 unoquoque
723 2504 856 2528 nostrum
872 2501 1024 2538 quaesitum

301 2546 356 2578 est,
372 2547 400 2571 et
423 2543 454 2571 in
477 2540 627 2582 suffragia
641 2543 727 2576 itum,
749 2541 828 2572 sitne
852 2543 942 2578 civis,
965 2553 1023 2573 nec

303 2595 353 2614 ne.
376 2595 437 2614 non
459 2589 493 2614 ut
508 2585 605 2615 Wolf
616 2584 738 2624 accepit
757 2591 849 2625 atque
873 2585 1023 2617 reddidit.

302 2632 437 2657 ‘nostrum
453 2629 573 2668 quisque
588 2627 736 2669 suffragia
753 2629 828 2658 tulit
844 2629 879 2658 de
896 2629 1021 2667 homine,

303 2671 367 2711 quis
388 2681 453 2700 vere
476 2673 512 2701 sit
534 2671 728 2702 Atheniensis.
773 2672 866 2709 Quod
889 2671 934 2702 ita
950 2683 1020 2703 eum

302 2713 492 2750 reddidisse,
515 2714 558 2744 nil
575 2715 682 2745 miror.
725 2715 948 2754 Unusquisque
964 2727 1019 2746 no-

302 2762 399 2787 strum
426 2758 492 2796 pari
516 2759 609 2788 modo
628 2759 752 2788 videtur
772 2759 949 2788 redditurus
971 2771 1019 2789 es-

303 2809 348 2835 se,
365 2800 390 2829 si
407 2800 541 2830 animum
557 2802 656 2831 minus
672 2802 711 2832 ad
734 2812 848 2831 nexum
870 2802 1019 2833 orationis

302 2848 332 2872 et
346 2844 508 2874 sententiae
533 2845 778 2875 convenientiam
795 2845 945 2880 attendat,
961 2847 1019 2876 mi-

301 2895 400 2916 nusve
417 2886 574 2917 AEschinis
601 2898 716 2918 morem
730 2889 875 2929 loquendi
904 2894 1016 2921 teneat.

300 2928 360 2958 Est
375 2929 479 2969 itaque
495 2931 646 2961 sententia
659 2931 720 2962 loci
736 2933 813 2962 haec.
852 2931 1017 2962 Timarcho

301 2972 328 3001 si
349 2982 477 3004 necesse
501 2984 583 3006 nunc
604 2975 657 3011 sit,
681 2975 749 3014 pari
778 2976 871 3006 modo
897 2976 962 3015 pati
984 2977 1016 3007 in

298 3015 444 3055 suffragia
463 3016 503 3047 iri
525 3017 565 3048 de
588 3028 700 3057 genere
725 3019 806 3057 vitae,
821 3029 884 3059 quo
907 3019 1016 3058 utitur,

741 204 972 247 REISKII
1007 201 1339 246 ANNOTATA

1063 298 1096 324 et
1111 293 1150 323 de
1167 293 1304 323 moribus
1318 293 1402 323 hisce
1418 294 1494 330 suis,
1506 305 1584 334 quos
1596 306 1676 327 nuno
1692 302 1777 335 noto,

1063 337 1322 375 quemadmodum
1337 347 1436 376 nuper
1451 337 1480 367 ei
1492 348 1620 370 necesse
1632 341 1691 370 fuit
1701 343 1778 380 pati,

1065 384 1099 409 ut
1114 380 1153 409 de
1169 379 1346 409 conditione
1363 390 1417 409 sua
1434 382 1546 419 etjure
1561 382 1712 421 civitatis,
1728 386 1777 416 vel

1065 427 1146 452 statu
1162 423 1260 458 civili,
1275 422 1306 453 in
1323 423 1468 463 suffragia
1482 424 1590 455 iretur.
1632 449 1634 452 ,

1107 466 1184 497 ibid.
1205 466 1263 495 εἴτε
1285 466 1361 506 etc.]
1386 467 1519 497 Videtur
1539 469 1582 507 μὴ
1604 468 1778 500 iterandum

1066 519 1147 546 esse,
1162 510 1200 540 ad
1217 510 1298 539 hunc
1312 510 1446 540 modum.
1463 510 1518 540 εἴτε
1531 512 1587 550 μὴ,
1603 513 1647 552 μὴ
1663 510 1777 553 ἐκρίνετο

1065 552 1093 582 δὲ
1109 571 1152 575 ——
1168 564 1220 584 nec
1234 563 1281 588 πε,
1294 563 1353 583 nou
1375 559 1473 583 autem
1490 564 1523 583 ea
1545 564 1590 584 res
1611 556 1645 585 in
1657 556 1778 595 judicio

1064 605 1114 625 seu.
1137 595 1179 626 D.
1200 607 1249 626 seu
1271 596 1317 626 M.
1338 606 1387 626 seu
1408 597 1532 637 denique
1550 596 1629 627 MD.
1645 600 1778 629 virorum

1066 639 1257 678 disceptetur,
1279 641 1327 670 sed
1354 641 1394 670 ad
1424 651 1470 670 vos
1499 639 1661 681 referatur.
1699 642 1778 672 Cum

1064 683 1181 721 populo
1216 693 1325 723 nempe
1362 683 1411 712 hio
1447 683 1523 723 agit,
1562 684 1593 714 in
1620 685 1779 715 concione.

1064 725 1174 765 Neque
1190 726 1269 756 enim
1291 737 1308 755 a
1323 727 1444 765 judicio
1465 727 1505 756 ad
1525 727 1673 766 populum
1689 732 1779 767 pote-

1064 774 1111 798 rat
1134 770 1294 809 appellari,
1318 770 1373 799 sed
1397 771 1523 800 decreta
1539 770 1653 810 judicii
1674 782 1779 802 mane-

1064 811 1138 842 bant
1152 818 1218 842 rata
1234 818 1265 843 et
1287 813 1383 849 firma,
1409 823 1478 853 quae
1499 824 1538 844 ne
1560 814 1629 853 ipse
1653 815 1779 854 quidem

1063 856 1198 894 populus
1219 855 1397 886 rescindere
1422 861 1541 896 posset.
1585 858 1700 887 Contra
1724 868 1779 887 au-

1064 903 1125 928 tem
1151 910 1169 929 a
1191 900 1307 939 populo
1327 900 1392 938 jam
1411 901 1559 939 judicatae
1582 911 1633 930 res
1656 901 1686 930 in
1705 911 1779 930 con-

1063 942 1163 978 cione,
1186 943 1226 972 ad
1247 943 1402 983 judicium
1424 943 1615 973 delectorum
1642 944 1778 974 virorum

1062 986 1283 1016 referebantur.
1655 1019 1659 1021 ,

1107 1039 1138 1067 p.
1155 1031 1208 1059 40.
1225 1040 1254 1060 ν.
1268 1031 1298 1060 6.
1319 1029 1389 1070 μοι]
1420 1029 1459 1059 Id
1480 1033 1532 1061 est.
1543 1027 1610 1070 πξός
1625 1028 1691 1071 ἐμὲ.
1707 1040 1780 1072 erga

1064 1081 1118 1102 me.
1141 1071 1240 1102 libere
1271 1078 1302 1103 et
1327 1077 1435 1112 aperte
1464 1073 1620 1112 planeque
1654 1074 1694 1104 ad
1729 1084 1779 1105 me

1066 1115 1161 1145 verba
1177 1116 1216 1145 de
1233 1115 1389 1146 Timarchi
1404 1116 1533 1156 flagitiis
1548 1116 1678 1148 fecistis.

1108 1158 1184 1189 ibid.
1201 1169 1231 1190 v.
1244 1162 1276 1190 8.
1298 1158 1349 1189 καὶ
1370 1160 1385 1190 ἦ
1408 1159 1512 1200 Βουλῗι]
1544 1160 1632 1190 Bene
1659 1160 1710 1190 hic
1733 1160 1780 1191 vi-

1065 1201 1176 1231 dentur
1196 1202 1299 1232 omnia
1316 1203 1440 1234 babere.
1457 1201 1505 1233 ἐὰν
1524 1203 1645 1243 accipio
1664 1214 1722 1243 pro
1737 1203 1781 1241 ἂν,

1064 1248 1208 1284 tanquam
1229 1245 1381 1283 seriptum
1401 1251 1486 1276 esset
1508 1246 1574 1276 sio:
1598 1247 1646 1276 καὶ
1662 1248 1676 1278 ἡ
1692 1247 1781 1281 βουλὴ

1063 1306 1106 1310 -
1117 1286 1230 1329 μνησθῇ
1240 1287 1300 1320 ἄνῆ
1316 1290 1420 1331 τειχῶν
1435 1288 1604 1326 ἐπισκευῆς,
1619 1289 1634 1321 ἢ
1649 1290 1781 1331 πύργων.

1064 1332 1167 1362 Verba
1190 1330 1237 1362 ὅτε
1257 1330 1405 1363 {eodum
1425 1332 1508 1363 idern
1525 1334 1628 1363 valent
1648 1338 1740 1373 atque
1765 1335 1781 1365 ἧ

1065 1374 1251 1412 Βουλεύουσιι,
1275 1376 1335 1406 nisi
1364 1376 1454 1406 malis
1477 1373 1636 1413 ἐςούλευσε,
1656 1387 1717 1407 non
1742 1377 1780 1407 ad

1064 1418 1222 1454 Senatum,
1259 1419 1315 1449 sed
1357 1420 1397 1449 ad
1424 1419 1620 1450 Timarchum
1651 1421 1780 1451 referre.

1066 1460 1185 1495 Quoties
1215 1461 1392 1492 Timarchus
1427 1464 1460 1493 in
1496 1463 1631 1493 tribunal
1661 1464 1782 1494 dicendi

1063 1513 1133 1542 ergo
1143 1505 1319 1541 ascenderet,
1335 1504 1528 1546 Senatusque,
1538 1508 1590 1547 qui
1603 1517 1682 1537 aimo
1697 1517 1782 1547 supe-

1061 1545 1136 1575 riori
1149 1547 1223 1586 reip.
1237 1554 1377 1586 praeerat,
1390 1550 1566 1580 mentionem
1582 1550 1717 1590 injiceret
1732 1561 1780 1581 re-

1059 1590 1292 1620 staurandorum
1309 1596 1364 1621 aut
1384 1592 1538 1628 moenium,
1559 1599 1615 1623 aut
1635 1594 1781 1631 turrium,

1059 1637 1116 1661 aut
1129 1633 1260 1672 alicnjus
1272 1635 1366 1664 nescio
1377 1644 1433 1674 quo
1446 1634 1571 1671 seducti,
1583 1641 1648 1666 tum
1662 1646 1709 1667 vos
1722 1641 1783 1667 sta-

1061 1674 1115 1704 tim
1135 1675 1286 1707 ridebatis.
1333 1677 1439 1714 Paret,
1454 1679 1609 1709 vocabula
1626 1679 1692 1709 haec
1715 1679 1781 1710 ἐπι-

1060 1719 1145 1749 σκευὴ
1171 1721 1287 1760 τειχῶν,
1308 1717 1450 1752 ἐπισκευὴ
1473 1720 1591 1762 πύργου,
1612 1721 1779 1761 ἀπάγεσθαί

1060 1771 1116 1791 ποι
1132 1760 1306 1801 significare
1318 1774 1368 1794 res
1379 1774 1510 1804 nequam
1520 1769 1551 1795 et
1563 1769 1681 1805 turpes,
1694 1766 1777 1796 haud

1061 1805 1137 1834 satis
1152 1810 1266 1842 tamen,
1282 1807 1363 1836 unde
1375 1807 1470 1838 ducta
1481 1808 1597 1838 fuerint
1608 1809 1662 1839 illa
1677 1810 1778 1840 diote-

1059 1847 1115 1877 ria.
1163 1848 1294 1878 Planum
1318 1849 1445 1890 quidem
1464 1850 1509 1886 id,
1524 1851 1708 1890 ἀπάγεσθαί
1730 1863 1777 1883 ποι

1060 1889 1135 1928 quid
1151 1889 1211 1920 sibi
1228 1893 1316 1922 velit.
1363 1894 1513 1923 Facinora
1528 1895 1608 1924 enim
1624 1895 1689 1931 illa,
1703 1906 1774 1935 quae

1060 1933 1176 1963 Paulus
1187 1935 1370 1972 Apostolus,
1382 1946 1468 1966 more
1481 1947 1536 1967 suo
1547 1947 1634 1976 opera
1645 1940 1777 1969 tenebra-

1059 1986 1139 2012 rum,
1146 1978 1298 2008 vocabulo
1307 1979 1508 2019 perapposito
1520 1981 1669 2020 appellat,
1678 1986 1776 2013 testes

1059 2019 1143 2049 haud
1169 2020 1282 2057 ferunt,
1309 2022 1510 2053 solitudinem
1535 2030 1680 2062 poscunt,
1703 2036 1776 2056 con-

1060 2072 1185 2101 gressus
1202 2064 1356 2094 hominum
1372 2069 1403 2096 et
1416 2066 1619 2106 frequentiam
1634 2069 1776 2099 reformi-

1060 2106 1144 2136 dant.
1188 2107 1324 2148 Vulgare
1350 2108 1432 2147 item⁴
1448 2110 1507 2140 hoc
1531 2114 1589 2146 est,
1609 2112 1775 2150 pudorem,

1060 2159 1131 2180 v.c.
1147 2148 1343 2190 virginalem,
1359 2163 1430 2182 cum
1445 2154 1590 2190 claustro,
1606 2164 1675 2185 cum
1691 2166 1776 2193 arce,

1060 2203 1131 2223 cum
1153 2194 1275 2224 moeniis
1297 2196 1480 2237 comparari,
1496 2198 1724 2237 oppugnandis,
1743 2204 1776 2230 et

1060 2236 1184 2267 admoto
1204 2237 1294 2268 arieti
1321 2243 1373 2269 aut
1392 2239 1624 2276 resistentibus,
1645 2247 1698 2271 aut
1724 2252 1775 2272 ce-

1060 2280 1218 2311 dentibus.
1264 2282 1489 2313 Tantummodo
1518 2284 1621 2314 haereo
1646 2284 1679 2314 in
1709 2283 1774 2315 ἐντι-

1059 2323 1155 2354 exsut.
1178 2335 1284 2355 verum
1306 2336 1407 2366 neque
1421 2328 1524 2366 juvat,
1542 2337 1642 2366 neque
1668 2329 1775 2365 refert,

1058 2377 1157 2406 neque
1173 2378 1271 2399 meam
1287 2369 1378 2400 decet
1394 2376 1701 2409 personam,stercus
1714 2371 1773 2401 hoo

1059 2412 1200 2448 scrutari,
1228 2413 1268 2442 ad
1294 2413 1376 2453 qnod
1401 2418 1524 2445 coactus
1546 2424 1565 2444 a
1588 2415 1773 2445 necessitate

1058 2453 1149 2492 hujus
1173 2455 1236 2485 loci
1261 2457 1439 2496 exponendi
1459 2467 1508 2487 me
1531 2458 1654 2494 demisi,
1679 2469 1773 2497 quam

1057 2497 1192 2536 primum
1203 2499 1366 2536 licet,inde
1382 2500 1550 2540 refugiens.
1572 2502 1703 2541 Cous-p.
1715 2504 1770 2533 44.

1058 2550 1088 2571 v.
1099 2543 1129 2572 2.
1146 2546 1178 2572 et
1192 2553 1224 2582 p.
1237 2545 1290 2574 46.
1307 2554 1337 2574 v.
1352 2546 1402 2573 10.

1098 2584 1176 2615 ibid.
1192 2596 1222 2616 v.
1235 2589 1266 2618 9.
1282 2585 1296 2618 ἢ
1312 2585 1372 2628 ἐὰν]
1403 2586 1529 2616 Mallem
1545 2586 1559 2618 ἢ
1577 2587 1698 2618 abesse.

1098 2628 1175 2658 ibid.
1197 2640 1228 2660 v.
1251 2632 1302 2660 13.
1331 2628 1522 2672 ἐπαγγελίαν]
1558 2631 1659 2667 Idem,
1687 2631 1771 2670 quod

1055 2669 1235 2710 δοκιμασίαν.

1096 2715 1174 2744 ibid.
1189 2725 1220 2745 v.
1233 2718 1286 2746 21.
1310 2717 1323 2746 ἦ
1340 2714 1442 2755 βουλὴ]
1472 2716 1672 2746 Constructio
1700 2727 1771 2747 ver-

1053 2757 1160 2787 borum
1176 2758 1241 2788 haec
1257 2763 1322 2788 est:
1344 2758 1394 2788 καὶ
1410 2760 1453 2798 μὴ
1469 2758 1662 2800 θαυμάσητε,
1680 2759 1703 2789 εἰ
1719 2759 1772 2789 Τί-

1050 2811 1166 2842 μαρχος
1180 2800 1393 2844 ἐμπειροτέρως
1407 2801 1469 2844 ἔχει
1485 2803 1546 2844 περὶ
1567 2805 1619 2837 τῆς
1641 2801 1769 2844 ἐρημίας,

1052 2842 1066 2874 ἢ
1083 2845 1096 2874 ἡ
1109 2844 1206 2877 βουλή.

1094 2897 1127 2926 p.
1143 2890 1197 2918 41.
1212 2898 1246 2918 v.
1264 2889 1296 2919 3.
1325 2885 1445 2928 μέντοι,
1469 2886 1494 2918 οἳ
1512 2887 1673 2929 Ἀθηναῖοι]
1703 2888 1770 2918 Ad-

1051 2929 1097 2960 dit
1119 2931 1223 2961 Mead.
1245 2930 1309 2972 ἔφη.
1334 2932 1417 2971 quod
1437 2931 1555 2963 addidi.
1578 2932 1687 2963 Solent
1709 2931 1770 2962 ista

1049 2973 1113 3004 duo
1133 2972 1209 3005 εἶπεν
1231 2979 1263 3005 et
1281 2974 1334 3015 ἔφη
1350 2975 1431 3006 inter
1445 2986 1481 3006 se
1497 2975 1640 3015 copulari
1661 2979 1692 3006 et
1707 2974 1766 3004 hoc

1049 3016 1101 3049 isti
1125 3018 1276 3056 subnecti,
1292 3025 1326 3050 ut
1341 3019 1368 3050 si
1385 3019 1496 3052 Latine
1517 3019 1562 3051 sic
1577 3019 1679 3051 dicam
1692 3028 1702 3048 ε
1726 3018 1767 3048 ad
