1982 3340
294 198 365 238 xiv
706 195 738 238 l.
774 195 807 236 I.
843 195 895 236 R.
929 195 1012 236 AD
1047 192 1385 235 AESCHINEM

295 302 373 340 cati
394 301 542 340 faciunt
570 305 649 342 700
670 301 842 340 thaleros
874 301 1129 352 germanicos,
1152 314 1242 339 cum
1262 299 1415 350 aliquot
1444 298 1681 337 thalerorum
1701 310 1766 335 ex-

295 376 421 402 cessu.
478 364 578 401 Nam
603 369 738 401 exacte
761 364 791 400 si
812 376 1002 408 numereS,
1024 367 1076 402 36
1096 362 1231 400 ducati
1253 360 1485 411 aequivalent
1505 364 1566 408 (ut
1584 373 1687 398 nunc
1708 364 1767 397 est

295 428 403 465 valor
423 427 572 475 ducati)
603 431 678 465 102
709 427 865 465 thaleris
892 427 1135 476 germanicis.
1192 427 1407 464 lnsumtum
1429 437 1524 475 ergo
1544 430 1603 462 est
1623 424 1661 462 in
1682 424 1768 462 haec

294 490 368 527 tria
399 489 594 527 volumina
624 489 673 526 ad
706 493 785 529 ’750
815 488 982 526 ducatos
1017 487 1275 534 hollandiens,
1307 487 1410 525 ultra
1440 491 1547 525 2100
1580 486 1768 524 thaleros.

297 551 415 594 Quod
454 551 588 591 mirum
624 550 767 588 nemini
797 549 1008 595 videbitur,
1038 549 1106 599 qui
1138 550 1298 600 cogitet,
1332 549 1467 599 quanti
1499 546 1671 585 artifices
1702 559 1769 584 no-

298 619 436 650 strates
456 626 595 664 operas
617 625 704 650 suas
725 612 870 657 locent,
892 611 1121 657 chartarius,
1139 611 1422 663 typographus,
1437 609 1768 660 chalcographus,

297 687 463 712 excusor
483 674 702 712 tabularum
723 673 760 710 in
777 686 853 710 aere
873 673 1111 719 caelatarum,
1135 672 1271 723 quanti
1291 677 1491 710 corrector
1511 671 1770 722 sphalmatum

299 735 693 786 typographicorum‚
734 734 871 785 quanti
910 740 1090 772 constent
1129 734 1362 772 munuscula
1399 733 1583 771 ministris
1626 732 1771 778 danda,

299 797 435 848 quanti
469 796 744 834 commercium
785 796 993 834 literarium
1035 808 1151 846 super
1188 796 1263 833 hoc
1304 795 1462 846 negotio
1499 794 1772 833 exercendum.

300 858 400 896 Inde
434 858 483 896 ad
520 858 596 895 hoc
625 858 704 896 diei
733 871 811 895 non
839 857 1067 908 recuperavi
1096 862 1244 907 paratae
1275 862 1315 894 et
1347 861 1559 894 numeratae
1579 855 1773 906 pecuniae,

301 920 373 958 nisi
398 924 476 958 594
498 920 681 965 thaleros,
702 918 982 969 aequivalentes
1004 918 1157 957 ducatis
1179 923 1257 957 198
1278 918 1445 964 circiter,
1468 924 1511 956 ut
1541 918 1683 968 cuique
1703 929 1774 967 po-

303 984 394 1021 terit
414 997 461 1021 ex
484 982 612 1020 indice
633 982 831 1020 nominum
862 988 1039 1020 constare
1066 994 1214 1027 eorum,
1235 980 1303 1031 qui
1330 993 1419 1018 cum
1440 994 1486 1018 ex
1516 985 1635 1030 pacto
1656 978 1775 1016 debe-

301 1051 389 1083 rent
410 1050 759 1096 praenumeratores
781 1057 878 1089 esse,
901 1043 1151 1082 committunt
1171 1042 1348 1093 plerique
1370 1047 1412 1079 ut
1430 1055 1532 1092 aegre
1551 1040 1650 1078 fiant
1669 1045 1776 1090 post-

304 1113 579 1145 numeratores.
641 1105 742 1143 Mihi
776 1107 923 1143 interea
953 1105 1002 1143 de
1029 1118 1115 1142 meo
1144 1107 1426 1156 προεισοιστὲον
1453 1110 1525 1141 est.
1583 1102 1778 1140 Videntur

304 1169 484 1220 plerique
507 1168 597 1206 mihi
616 1181 693 1206 non
714 1167 850 1214 fidere,
867 1174 905 1206 et
926 1181 1014 1205 cum
1036 1168 1235 1205 Sannione
1255 1166 1494 1204 Terentiano
1516 1177 1624 1216 spem
1646 1164 1776 1214 pretio

305 1245 433 1269 emere
463 1231 581 1269 nolle.
641 1230 748 1274 Quid
779 1231 810 1268 si
835 1243 908 1280 ego
927 1229 1144 1276 vobiscum,
1165 1242 1188 1266 o
1209 1228 1320 1277 boni,
1342 1227 1427 1279 pari
1453 1227 1570 1265 modo
1595 1227 1778 1276 agerem?

306 1295 541 1344 Unquamne
561 1307 620 1331 res
640 1293 916 1331 coalesceret}
949 1293 1127 1330 Fieretne
1149 1304 1322 1341 unquam
1344 1290 1414 1336 sic,
1437 1296 1481 1327 ut
1502 1289 1631 1340 operis
1661 1287 1779 1336 hujus

306 1357 367 1394 vel
402 1369 521 1394 unum
550 1355 687 1392 folium
722 1354 1012 1393 excuderetur?
1053 1354 1137 1404 Ego
1167 1360 1336 1391 vestram
1376 1364 1484 1403 spem
1522 1350 1651 1402 pretio
1690 1362 1779 1387 meo

306 1417 473 1455 maximo
492 1430 592 1463 emo,
613 1430 681 1454 vos
701 1423 830 1454 vestro
852 1415 1002 1453 minuto
1025 1428 1148 1454 meam
1169 1428 1298 1453 emere
1318 1426 1396 1451 non
1416 1411 1563 1450 vultis?
1593 1412 1691 1450 Uter
1709 1411 1779 1449 ini-

307 1480 421 1530 quior
440 1480 527 1518 est'ss
558 1479 642 1529 Ego
663 1491 754 1515 vero
775 1477 824 1515 ad
846 1477 1040 1528 aequiores
1060 1491 1119 1515 me
1144 1476 1347 1514 demittam
1369 1474 1630 1513 conditiones.
1686 1473 1780 1510 Non

307 1554 466 1592 poscam
484 1541 752 1592 imposterum,
769 1548 811 1577 ut
829 1539 1137 1590 praenumeretis,
1152 1539 1228 1576 nisi
1250 1538 1281 1575 si
1301 1537 1370 1588 qui
1387 1542 1523 1587 sponte
1539 1549 1608 1573 sua
1622 1534 1780 1573 facient,

306 1603 445 1641 Velitis
476 1603 593 1640 modo
623 1602 671 1640 de
705 1602 870 1640 emendo
898 1601 1091 1652 spondere
1118 1600 1185 1639 ubi
1216 1599 1365 1638 editum
1386 1599 1569 1636 volumen
1591 1597 1782 1648 quodque

305 1665 438 1704 fuerit.
495 1664 572 1703 Sed
589 1664 655 1702 alii
676 1664 827 1702 Latinae
849 1663 1178 1714 interpretationis
1200 1675 1223 1699 a
1243 1661 1511 1699 Demosthene
1532 1673 1618 1698 meo
1643 1660 1782 1698 absen-

306 1728 400 1766 tiam
430 1733 660 1778 queruntur‚
692 1726 756 1764 alii
786 1726 933 1763 malunt
963 1723 1078 1762 finem
1106 1723 1235 1775 operis
1263 1728 1507 1773 exspectare,
1529 1727 1714 1772 negantes
1740 1734 1781 1758 se

306 1796 384 1828 tam
415 1789 554 1827 stultos
584 1788 682 1833 fore,
714 1793 772 1833 ut2
800 1787 908 1837 quod
938 1787 1048 1825 aiunt
1082 1786 1212 1836 vulgo,
1243 1790 1390 1822 cattum
1422 1783 1460 1821 in
1491 1796 1607 1821 sacco
1637 1788 1780 1821 emant.

307 1852 387 1891 Ubi
416 1863 578 1902 prorsus
607 1849 828 1901 perfectum
849 1848 981 1894 fuerit,
1004 1854 1124 1898 atque
1154 1847 1395 1896 absolutum,
1415 1850 1588 1883 emturos
1609 1850 1690 1883 tum
1713 1844 1781 1882 de-

307 1927 411 1953 mum
431 1912 640 1963 recipiunt,
661 1911 824 1950 carioris
849 1911 981 1957 etiam,
1003 1923 1121 1960 quam
1150 1921 1255 1946 nunc
1283 1906 1450 1958 possint,
1472 1907 1618 1944 incerta
1639 1919 1720 1957 spe,
1742 1905 1781 1944 in

307 1976 399 2016 vitae
420 1989 516 2014 meae
537 1974 760 2013 discrimine
781 1979 954 2012 natante.
1000 1974 1116 2024 Saepe
1138 1971 1259 2023 incipi
1278 1970 1476 2020 ejusmodi
1497 1983 1615 2020 opera
1634 1970 1782 2020 magnis

308 2051 396 2077 cum
418 2036 759 2089 promissionibus.
809 2037 990 2074 Emtores
1008 2036 1062 2073 sic
1083 2034 1202 2073 allici.
1258 2034 1382 2071 Paulo
1402 2038 1492 2084 post
1513 2032 1650 2079 insisti,
1671 2045 1782 2084 spem

310 2100 510 2152 publicam
531 2098 679 2149 decipi.
736 2098 929 2149 Exempla
958 2103 1147 2149 prostare.
1206 2096 1295 2134 Hac
1313 2095 1399 2146 ipsa
1418 2095 1458 2133 in
1478 2095 1575 2133 urbe
1595 2095 1700 2133 haud
1730 2095 1784 2133 ita

309 2162 461 2214 pridem
489 2160 554 2199 edi
580 2166 751 2211 coeptum
781 2173 864 2198 esse
886 2160 1029 2198 librum
1050 2160 1261 2197 Graeeum:
1292 2156 1405 2207 cujus
1435 2157 1486 2196 ad
1514 2157 1664 2198 calcem
1694 2170 1784 2195 cum

312 2230 416 2263 esset
444 2228 689 2275 perventum,
710 2228 864 2273 partem
893 2222 982 2260 libri
1013 2222 1215 2272 optimam,
1234 2219 1347 2269 cujus
1378 2219 1498 2258 solius
1526 2232 1647 2258 causa
1671 2219 1785 2257 emis-

312 2294 411 2334 sent,
432 2300 575 2325 annum
596 2300 643 2324 ex
662 2298 765 2323 anno
791 2284 955 2331 extrahi,
977 2283 1095 2322 fidem
1116 2283 1244 2321 verbis
1264 2295 1342 2320 non
1363 2280 1457 2328 fieri,
1478 2294 1519 2319 se
1544 2280 1784 2320 ludi.-—Jam

313 2350 363 2387 de
390 2350 493 2387 mille
518 2347 819 2398 exemplaribus,
840 2349 915 2394 (tot
942 2346 1044 2384 enim
1075 2346 1268 2395 cujusque
1289 2342 1495 2381 voluminis
1523 2343 1787 2390 excuduntur)

315 2418 471 2451 centum
492 2416 531 2449 et
553 2409 837 2461 quinquaginta
857 2408 991 2454 ferme,
1013 2408 1088 2445 alia
1107 2406 1278 2454 vendita,
1299 2405 1374 2444 alia
1397 2404 1562 2451 credito,
1585 2405 1660 2443 alia
1680 2404 1786 2442 dono

315 2475 408 2512 data
423 2479 526 2517 sunt,
544 2479 587 2510 ut
602 2472 684 2521 jam
700 2471 814 2510 facile
830 2470 875 2508 fit
893 2470 1101 2516 aestimatu,
1124 2474 1284 2519 quotam
1300 2473 1450 2519 partem
1471 2472 1668 2505 sumtuum
1688 2480 1711 2505 a
1727 2480 1788 2504 me

317 2541 564 2586 erogatorum
590 2532 916 2582 recuperaverim.
964 2531 1095 2577 Adde,
1117 2530 1224 2581 quod
1251 2529 1355 2567 haud
1376 2529 1504 2579 pauci,
1527 2542 1619 2567 cum
1641 2530 1786 2567 Demo-

317 2598 495 2636 sthenem
511 2595 711 2640 emissent,
733 2594 892 2645 reliquis
913 2593 1176 2631 voluminibus
1202 2592 1433 2630 insecuturis
1458 2590 1787 2629 renunciaverint.

319 2659 438 2706 Quod
465 2659 496 2696 si
523 2671 628 2708 ergo,
650 2662 694 2694 ut
712 2655 813 2707 coepi
837 2655 980 2701 facere,
1002 2654 1203 2704 fidemque
1231 2653 1325 2691 dedi
1351 2667 1411 2691 me
1431 2652 1626 2691 facturum
1652 2665 1788 2702 porro,

319 2721 420 2760 senis
447 2721 669 2770 quibusque
695 2718 894 2756 mensibus
924 2717 1077 2768 singula
1109 2715 1337 2765 hujusmodi
1360 2715 1556 2754 volumina
1584 2713 1790 2764 prodenda

320 2789 423 2829 sunt,
452 2795 524 2833 per
554 2795 593 2819 se
622 2786 749 2831 paret,
775 2793 933 2818 necesse
963 2792 1059 2825 esse,
1081 2783 1123 2815 ut
1141 2783 1307 2815 emtores
1327 2777 1458 2828 plures
1481 2781 1635 2816 coeant.
1681 2775 1790 2813 Alias

320 2845 437 2882 telam
472 2844 573 2881 hanc
595 2855 667 2892 ego
687 2855 845 2880 necesse
874 2841 1027 2879 habebo
1056 2840 1302 2890 abrumpere.
1361 2839 1560 2877 Exhausta
1579 2837 1683 2876 enim
1705 2837 1790 2887 jam

322 2919 382 2944 res
416 2917 502 2942 mea
535 2903 732 2941 familiaris
771 2909 843 2949 est,
881 2902 966 2953 ipsa
999 2914 1190 2952 perquam
1222 2900 1442 2939 mediocris.
1500 2901 1612 2951 Rogo
1645 2899 1791 2949 itaque,

323 2972 521 3018 quotquot
538 2972 627 3004 sunt
647 2966 877 3005 Graecaruni
899 2964 1096 3004 literarum
1117 2969 1303 3010 amantes,
1318 2968 1363 3001 ut
1380 2961 1502 3001 literis
1521 2961 1570 3000 ad
1585 2963 1711 3013 ipsum
1732 2973 1793 2998 me
