1966 3340
309 195 430 238 xxxii
810 191 862 234 C.
893 190 942 233 F.
976 186 1270 231 MATTHAEI

306 303 410 355 piam
437 299 679 352 suppeditat,
707 302 747 336 et
768 297 836 335 ubi
856 296 1036 343 testibus,
1061 294 1260 334 infamiam
1281 294 1523 341 timentibus,
1555 293 1782 339 destitutus,

306 363 576 410 Timarchum,
608 362 771 412 impurae
796 359 885 397 vitae
917 364 1161 404 accusatum,
1186 356 1422 408 praejudicio
1448 358 1599 407 populi,
1629 356 1784 396 consci-

309 427 413 465 entia
430 425 629 476 judicum,
652 423 765 461 famae
795 422 958 460 veritate
979 428 1018 459 et
1045 423 1098 467 vi,
1134 419 1417 471 Euripidisque
1446 420 1623 458 versibus
1652 425 1783 471 urget,

308 502 431 540 seque
451 488 581 526 ductis
601 500 622 524 e
644 492 783 523 natura
803 484 941 535 fiagitii
961 484 1199 535 argumentis
1221 483 1272 521 ob
1292 483 1450 539 testium
1471 482 1644 533 inopiam
1664 496 1786 521 excu-

310 556 384 597 sat,
415 556 455 588 et
474 550 623 588 crimen
643 547 848 597 probabile
869 546 1015 585 reddit.
1073 545 1256 583 Facilitas
1281 544 1517 583 inventionis
1546 544 1787 595 agnoscitur,

309 613 341 651 si
361 618 493 651 orator
513 611 629 649 rebus
651 609 754 648 notis
777 615 817 646 et
846 607 1013 659 vulgatis
1041 613 1081 646 et
1101 620 1187 646 cum
1209 620 1328 645 causa
1354 606 1594 658 conjunctis,
1616 605 1788 656 ideoque

309 676 359 714 ad
387 671 704 726 persuadendum
735 670 1170 721 accommodatissimis‚
1190 669 1337 708 utiliter
1355 676 1396 708 et
1418 669 1636 720 prudenter
1655 669 1789 707 utitur.

310 735 550 788 Hujusmodi
570 740 660 773 sunt
680 747 740 784 ea,
760 747 850 784 quae
871 733 922 772 de
943 738 1072 771 statua
1092 732 1243 771 Solonis
1262 732 1428 783 ejusque
1450 731 1586 770 habitu
1607 731 1790 769 modesto

308 802 349 839 in
382 798 728 850 reprehensionem
761 795 1017 848 impudentiae
1048 795 1248 834 Timarchi
1277 795 1390 841 dixit,
1417 800 1456 832 et
1486 794 1536 832 de
1563 793 1790 845 frugalitate

308 861 503 912 majorum
525 859 565 898 in
584 859 806 899 tribuendis
827 857 997 910 praemiis
1018 858 1187 908 publicis
1207 856 1257 895 ad
1279 856 1503 895 faciendam
1528 856 1790 895 Demostheni

308 923 510 962 invidiam.
569 921 669 959 Haec
692 921 796 958 enim
822 921 954 958 omnia
980 919 1180 958 auditores
1200 925 1355 965 norant,
1373 932 1508 958 omnes
1538 918 1692 958 Solonis
1712 925 1791 958 sta-

311 992 418 1024 tuam
444 985 626 1023 viderant
651 988 692 1021 et
720 983 770 1021 de
791 982 987 1022 Miltiadis
1006 983 1251 1033 aliorumque
1270 982 1444 1033 praemiis
1464 982 1636 1033 publicis
1655 981 1790 1020 audie-

309 1054 410 1094 rant,
431 1052 474 1086 ut
499 1046 600 1085 adeo
628 1045 715 1084 haec
743 1045 793 1084 ab
824 1051 978 1084 oratore
1009 1044 1307 1083 commemorari
1335 1057 1358 1082 a
1391 1057 1510 1083 causa
1537 1043 1646 1082 nullo
1672 1043 1792 1083 modo

311 1111 481 1150 alienum
503 1115 543 1147 et
571 1109 817 1160 inopinatum
846 1107 907 1146 sit.
963 1107 1022 1145 Ex
1047 1107 1295 1145 inventorum
1315 1106 1567 1145 multitudine
1588 1106 1794 1145 utilissima

311 1173 454 1225 eligere
481 1172 648 1211 oratoris
669 1170 878 1210 consilium
900 1177 939 1209 et
958 1169 1212 1221 prudentiam
1241 1170 1428 1221 postulat.
1486 1170 1573 1208 Hac
1589 1169 1629 1208 in
1649 1182 1690 1207 re
1708 1182 1796 1208 ora-

312 1242 440 1275 torum
460 1235 526 1274 alii
547 1233 761 1280 immodici,
783 1234 909 1280 effusi,
931 1233 1109 1280 effrenes,
1129 1232 1320 1271 orationis
1347 1232 1503 1283 copiam
1533 1238 1573 1270 et
1603 1231 1794 1283 impetum

313 1312 426 1337 ruere
454 1299 601 1347 sinunt,
633 1296 838 1347 magisque
870 1295 1057 1341 obruunt,
1078 1308 1195 1346 quam
1222 1294 1370 1333 docent
1391 1294 1618 1340 auditores;
1650 1294 1715 1333 alii
1735 1307 1795 1332 se-

313 1360 409 1405 veri,
423 1359 571 1410 jejuni,
592 1359 697 1398 avari
716 1364 757 1396 et
776 1358 831 1396 nil
850 1357 924 1396 nisi
944 1358 1111 1396 maxime
1128 1357 1349 1396 necessaria
1363 1357 1412 1396 ad
1434 1356 1553 1395 fidem
1573 1356 1794 1396 faciendam

315 1423 531 1467 adhibent;
560 1421 626 1460 alii
661 1421 764 1459 inter
789 1427 1003 1471 utrumque
1041 1418 1212 1458 medium
1247 1425 1399 1470 tenent,
1434 1418 1585 1466 faciles,
1611 1418 1796 1469 jucundi,

315 1485 514 1537 florentes,
536 1483 660 1523 ornati
681 1489 720 1522 et
746 1483 860 1534 quasi
885 1482 1053 1535 profusi,
1079 1483 1153 1530 vel,
1182 1481 1319 1520 melius
1348 1487 1393 1521 ut
1420 1481 1565 1528 dicam,
1596 1482 1796 1520 liberales.

312 1548 372 1587 Ex
397 1548 472 1586 hoc
503 1560 646 1598 genere
672 1545 883 1585 AEschines
903 1551 975 1583 est.
1031 1545 1135 1582 Nam
1161 1550 1201 1583 et
1220 1544 1457 1594 argumentis
1478 1544 1601 1583 utitur
1620 1543 1797 1582 firmissi-

315 1610 402 1657 mis,
423 1615 462 1648 et
476 1608 630 1647 inutilia
651 1613 692 1646 et
711 1607 830 1645 noxia
845 1606 1005 1655 omittit,
1026 1612 1065 1645 et
1085 1607 1251 1645 istorum
1271 1606 1522 1644 severitatem
1543 1606 1737 1645 suavitate
1757 1611 1799 1644 et

313 1678 454 1712 ornatu
485 1677 691 1721 temperat,
718 1670 875 1708 illorum
901 1669 1092 1707 luxuriam
1112 1674 1151 1706 et
1170 1669 1452 1708 abundantiam
1471 1674 1633 1708 coercet
1657 1674 1698 1707 et
1717 1682 1799 1707 am-

315 1741 444 1787 putat.
501 1733 610 1771 Nihil
626 1732 727 1770 enim
748 1732 932 1778 alienum,
953 1731 1065 1777 nihil,
1087 1731 1195 1781 quod
1216 1731 1354 1769 abesse
1375 1731 1469 1769 velis
1490 1732 1530 1769 in
1546 1730 1633 1781 ejus
1653 1733 1798 1770 oratio-

314 1797 430 1835 nibus
451 1795 632 1834 additum
654 1807 858 1844 superesse
880 1793 1066 1844 reperias.
1126 1793 1317 1837 Ordinem
1338 1792 1378 1831 in
1399 1793 1643 1832 orationibus
1669 1794 1800 1845 sequi-

317 1867 381 1899 tur
401 1871 504 1902 eum,
528 1857 597 1908 qui
618 1862 680 1894 est
699 1856 862 1894 maxime
885 1856 988 1894 utilis
1007 1867 1152 1894 causae.
1208 1855 1255 1893 In
1274 1855 1343 1903 illa
1361 1855 1480 1906 igitur
1498 1855 1729 1895 violatarum
1749 1857 1803 1895 le-

315 1935 410 1974 gum
447 1926 589 1959 contra
622 1918 895 1970 Ctesiphontis
935 1919 1161 1970 psephisma
1199 1918 1380 1957 instituta
1418 1918 1574 1957 actione
1610 1919 1800 1970 deinceps

315 1984 454 2023 ordine
475 1982 653 2034 exponit,
677 1982 772 2033 quid
804 1987 941 2036 contra
960 1982 1065 2033 leges
1087 1981 1290 2033 scripserit
1311 1981 1545 2033 Ctesiphon.
1601 1983 1706 2034 Ergo
1725 1982 1804 2034 pri-

317 2060 422 2086 mum
457 2045 576 2084 docet
603 2044 909 2083 Demosthenem
939 2045 1117 2094 pecuuiae
1149 2044 1333 2083 theatrali
1363 2050 1402 2083 et
1427 2043 1651 2084 reficiendis
1681 2045 1800 2084 muris

317 2108 553 2161 praefectum
579 2107 760 2158 adeoque
787 2106 998 2145 reddendis
1025 2107 1244 2145 rationibus
1269 2106 1484 2146 obnoxium
1510 2120 1590 2146 non
1616 2108 1802 2147 debuisse

318 2170 457 2210 donari
486 2182 606 2208 aurea
625 2181 783 2208 corona.
841 2168 999 2207 Deinde
1020 2181 1093 2207 nec
1114 2168 1286 2220 legitimo
1304 2169 1344 2207 in
1364 2170 1453 2207 loco
1472 2169 1618 2207 factam
1636 2183 1722 2209 esse
1741 2183 1802 2209 re-

321 2232 628 2272 nunciationem.
687 2230 875 2281 Denique
895 2230 1140 2269 demonstrat
1163 2231 1463 2282 Ctesiphontem
1483 2231 1690 2270 mentitum
1717 2245 1803 2271 esse

320 2298 360 2334 in
381 2294 661 2347 psephismate,
692 2306 819 2344 neque
850 2293 951 2331 enim
979 2292 1286 2330 Demosthenem
1317 2305 1404 2331 esse
1432 2293 1558 2331 virum
1587 2293 1736 2334 bonum
1764 2301 1805 2334 et

322 2358 554 2408 reipublicae
574 2356 823 2394 benevolum.
882 2356 973 2393 Duo
991 2354 1059 2392 illa
1080 2354 1209 2405 priora
1225 2354 1383 2406 scriptis
1403 2355 1575 2406 publicis
1593 2363 1633 2395 et
1651 2357 1803 2408 legibus

326 2419 550 2459 confirmat.
606 2419 853 2456 Postremum
890 2417 945 2456 ita
977 2417 1112 2463 docet,
1144 2423 1188 2455 ut
1222 2420 1417 2456 πολιτείαν
1456 2420 1734 2459 Demosthenis
1764 2421 1807 2460 in

326 2488 501 2533 quatuor
539 2485 718 2531 tempora
756 2479 921 2526 dividat,
959 2492 1128 2529 eumque
1161 2480 1340 2519 omnibus
1373 2480 1434 2519 his
1468 2481 1713 2533 temporibus
1744 2483 1807 2521 vel

325 2543 485 2583 noxium
505 2542 565 2580 vel
587 2542 764 2580 inutilem
780 2541 902 2580 fuisse
924 2542 1147 2592 reipublicae
1169 2542 1364 2583 ostendat.
1423 2544 1504 2582 Sed
1520 2550 1734 2596 antequam
1754 2545 1806 2583 ad

328 2608 398 2646 has
417 2605 679 2645 accusationis
699 2612 830 2655 partes
850 2603 1042 2655 pervenit,
1069 2606 1214 2654 nescio,
1237 2618 1307 2644 cur
1324 2612 1415 2657 post
1431 2608 1635 2646 exordium
1658 2609 1807 2646 Demo-

268 2675 275 2679 ’
329 2669 506 2708 sthenem
528 2670 734 2706 ὑπεύθυνον
754 2666 873 2704 fuisse
904 2666 1060 2714 doceat,
1082 2667 1154 2706 nisi
1177 2667 1280 2706 forte
1307 2668 1533 2706 auditorum
1564 2669 1807 2708 voluntatem

329 2744 423 2782 erga
441 2731 542 2769 hanc
573 2729 863 2769 accusationem
883 2729 1048 2780 experiri
1070 2730 1207 2768 voluit.
1265 2730 1355 2769 Hoc
1376 2737 1483 2769 certe
1505 2731 1712 2770 molestum
1733 2731 1810 2771 fuit

329 2792 489 2843 legenti,
514 2793 623 2842 quod
642 2792 739 2830 dicit
763 2793 814 2841 (κ.
829 2791 991 2844 Κτησιφ.
1012 2795 1045 2840 ἐ.
1069 2793 1114 2842 ί.)
1141 2792 1198 2830 ὅτι
1217 2791 1257 2830 δὲ
1277 2793 1395 2837 ὄντως
1413 2791 1460 2839 ἦν
1478 2793 1680 2837 ὑπεύθυνος
1699 2795 1719 2832 ὁ
1738 2792 1810 2840 Δη-

331 2854 708 2904 μοσὲένης--τ-αὗτ’
741 2852 808 2900 ἤδη
837 2854 1064 2906 πειράσομαι
1095 2855 1193 2906 ὑμᾶς
1227 2853 1411 2894 διδάσκειν
1441 2855 1480 2893 ἐκ
1515 2861 1590 2894 τῶν
1623 2855 1810 2908 δημοσίων

333 2915 583 2966 γραμμάτων.
642 2916 745 2954 Nam
775 2922 816 2954 et
843 2922 959 2954 antea
988 2916 1181 2955 docuerat
1208 2929 1296 2954 eum
1325 2930 1414 2956 vere
1445 2916 1564 2956 fuisse
1597 2918 1809 2957 reddendis

334 2976 547 3016 rationibus
584 2978 811 3017 obnoxium.
884 2979 929 3017 In
959 2979 1134 3018 oratione
1165 2985 1303 3018 contra
1330 2979 1599 3033 Timarchum,
1629 2993 1718 3033 quae
1750 2985 1810 3019 est
