1982 3340
291 208 329 247 vi
687 205 719 246 Ι.
756 205 791 247 Ι.
827 206 881 247 R.
917 205 1000 246 AD
1034 203 1370 247 AESCHINEM

297 325 432 351 eorum
461 311 618 351 codices
650 314 736 351 msti
766 313 841 351 sibi
867 312 1095 351 defuissent.
1153 312 1251 350 Suas
1280 311 1328 349 de
1357 309 1504 349 ratione
1525 309 1756 349 emendandi

296 373 542 423 conjecturas
563 374 601 410 in
622 374 860 424 marginibus
881 374 997 412 certis
1014 373 1248 424 quibusdam
1270 373 1370 410 notis
1386 371 1590 410 indicasse.
1629 372 1755 410 Nimis

295 448 447 472 crassos
469 441 507 472 et
527 442 681 485 apertos
701 435 855 472 Aldinae
876 448 1022 473 errores
1043 448 1064 472 a
1085 448 1125 472 se
1147 435 1264 472 tacite
1281 434 1452 472 sublatos
1473 446 1571 471 esse.
1608 434 1756 471 Locum

295 498 359 535 hic
387 505 525 535 nactus
548 497 726 535 Wolfium
759 497 961 548 carpendi,
983 497 1051 547 qui
1081 497 1248 534 triennio
1269 503 1359 534 ante
1381 496 1609 535 AEschinem
1628 496 1757 545 publi-

294 565 466 605 caverat,
490 572 565 596 una
586 573 675 596 cum
698 559 975 604 Demosthene,
1007 559 1175 608 graviter
1195 560 1232 596 in
1260 572 1346 596 enm
1368 558 1588 609 Stephanus
1609 556 1757 593 invehi-

295 628 370 666 tur,
394 621 570 658 meritum
592 620 630 658 id
654 620 759 657 illum
784 620 956 670 quidem.
1007 619 1138 657 Wolfii
1166 620 1287 670 ipsius
1308 633 1437 666 eausa,
1459 633 1573 670 quem
1596 631 1698 662 amo,
1719 623 1759 655 et

294 682 425 732 magni
452 682 566 728 facio,
588 682 722 719 veliem
758 682 884 732 ipsum
920 695 998 719 non
1029 682 1200 719 moribus
1229 682 1323 727 suis,
1356 695 1432 720 non
1464 680 1757 732 importunitate

292 745 379 789 ista,
414 750 490 782 tam
524 744 720 789 acerbam,
752 744 820 781 sed
854 757 980 781 veram
1016 744 1357 793 reprehensionem
1391 744 1463 782 sibi
1494 743 1756 787 contraxisse:

294 819 532 856 quamquam
558 806 622 842 illa
650 805 772 843 videri
799 806 923 856 possit
945 820 1021 843 non
1042 806 1090 843 ad
1114 806 1237 843 solum
1259 805 1458 852 Woffium,
1479 806 1545 844 sed
1567 805 1757 856 quodam-

294 867 413 904 inodo
430 868 543 905 etiam
562 867 611 904 ad
630 868 665 904 G
676 880 860 917 rynaenm,
877 874 914 905 et
933 867 1167 917 Oporinum,
1184 873 1222 905 et
1238 867 1269 905 si
1285 868 1427 917 quibus
1444 867 1529 905 aliis
1546 866 1758 904 Frobenius

294 935 470 966 uteretur
496 929 543 966 ad
570 941 690 978 opera
715 941 736 965 a
761 942 800 965 se
827 929 981 966 edenda
1000 929 1259 978 sphalmatum
1281 929 1651 980 typographicorum
1671 941 1758 966 cor-

295 990 527 1035 rectoribus,
552 990 758 1040 pertinere.
789 992 971 1040 suspicor
999 991 1149 1041 utique,
1185 1003 1423 1041 quamquam
1452 996 1559 1029 certo
1587 990 1757 1028 nondum

295 1053 500 1103 explorare
520 1052 708 1098 laboravi,
731 1053 954 1090 recusiones
975 1051 1207 1089 Aldinorum
1227 1052 1411 1091 librorum
1434 1066 1455 1090 a
1477 1053 1673 1090 Frobenio
1692 1065 1760 1090 cu—

292 1121 398 1153 ratas
425 1113 772 1167 παραὸιορθώσεσιν
791 1115 842 1151 ab
862 1114 954 1165 illis,
983 1127 1081 1164 qnos
1108 1114 1201 1159 dixi,
1233 1114 1433 1164 profectis,
1455 1120 1617 1152 scatere.
1639 1119 1680 1152 ut
1700 1127 1760 1152 se·

294 1177 390 1215 dulo
412 1190 550 1215 cavere
570 1177 682 1215 nobis
703 1177 930 1222 debeamus,
953 1190 1001 1214 ne
1022 1176 1289 1227 imprudentes
1311 1176 1564 1215 Frobenianis
1584 1177 1762 1214 lectioni-

294 1240 367 1277 bus
389 1239 549 1277 niminm
569 1238 822 1277 confidamus.
882 1239 1102 1290 Stephanus
1121 1245 1226 1277 certe
1248 1239 1439 1289 queritur,
1461 1238 1499 1276 iu
1519 1237 1760 1276 editionibus

293 1302 542 1339 Germanicis
564 1301 634 1352 [ita
655 1301 895 1339 Basileenses
917 1300 1106 1351 appellat]
1126 1300 1312 1338 librorum
1334 1301 1565 1338 Graecorum
1586 1300 1636 1337 ab
1657 1299 1762 1337 Aldo

293 1364 484 1401 editorum
514 1363 654 1401 multas
674 1368 822 1401 veteres
845 1362 1073 1400 Aldinarum
1106 1362 1262 1400 mendas
1292 1361 1416 1399 multo
1444 1361 1622 1412 pluribus
1651 1360 1763 1399 novis

291 1425 556 1462 accumulatas
576 1438 674 1463 esse.
731 1425 978 1474 Quamquam
1008 1424 1137 1461 nullus
1165 1423 1316 1470 dubito,
1341 1424 1481 1461 multos
1501 1422 1596 1468 fore,
1618 1422 1761 1472 quibus

290 1485 365 1524 ista
398 1486 616 1537 legentibus
651 1486 802 1532 eadem,
836 1499 924 1537 quae
960 1487 1069 1531 mihi,
1104 1491 1349 1525 succurrant.
1405 1485 1562 1535 Figulus
1597 1484 1762 1534 figulum

292 1549 389 1588 odit.
448 1550 535 1586 Vox
556 1549 641 1586 haec
662 1555 720 1587 est
740 1548 1016 1600 typographici
1039 1549 1184 1586 livoris.
1242 1547 1392 1585 Artifex
1414 1546 1602 1585 artificem
1631 1547 1762 1598 depri-

292 1623 408 1655 mere,
430 1615 549 1659 atque
570 1609 715 1647 invidia
734 1622 957 1660 respergere
977 1609 1142 1656 laborat,
1163 1622 1242 1659 quo
1263 1622 1331 1647 sua
1353 1608 1427 1646 sibi
1453 1621 1559 1646 merx
1588 1608 1664 1647 hoc
1693 1608 1764 1647 fiat

291 1671 538 1710 vendibilior.
595 1671 699 1708 Vera
728 1678 856 1708 tamen
884 1670 993 1720 queri
1027 1671 1285 1721 Stephanum,
1315 1684 1374 1707 res
1401 1670 1484 1720 ipsa
1504 1670 1687 1709 disertius
1706 1671 1763 1708 lo-

293 1733 439 1782 quitur,
462 1745 576 1782 quain
592 1738 658 1771 aut
679 1745 749 1782 par
768 1739 850 1770 erat
871 1731 1077 1778 committi,
1095 1738 1137 1769 ut
1157 1745 1246 1769 vera
1268 1731 1354 1768 haec
1373 1731 1567 1769 dedecora
1585 1732 1761 1770 diceren-

292 1801 367 1841 tur,
387 1799 453 1831 aut
473 1807 577 1831 nunc
598 1794 716 1831 celari
736 1799 801 1831 aut
821 1794 1000 1831 excusari
1021 1799 1165 1844 potest.
1222 1793 1364 1842 Neque
1390 1793 1521 1830 obstat
1543 1793 1632 1839 hoc,
1653 1794 1759 1843 quod

292 1856 513 1905 Stephanus
535 1855 630 1905 ipse,
653 1868 778 1892 saevus
810 1855 873 1893 ille
905 1868 1055 1900 censor,
1080 1855 1117 1892 in
1148 1855 1225 1902 hoc
1255 1854 1383 1905 ipsum
1410 1855 1556 1893 crimen
1584 1854 1762 1904 incurrit,

291 1917 404 1965 cujus
434 1918 531 1962 illos,
555 1918 787 1963 Germanos,
811 1917 928 1955 homo
956 1917 1246 1963 Gallofrancus,
1268 1930 1353 1955 reos
1376 1910 1476 1966 agit.
1508 1917 1640 1954 Wolfii
1671 1931 1762 1968 pro-

293 1980 399 2016 fecto
421 1979 612 2017 editiones
637 1979 819 2016 librorum
842 1979 1073 2017 Graecorum
1097 1993 1170 2028 ego
1191 1979 1372 2029 equidem
1394 1978 1498 2016 haud
1518 1978 1622 2017 duco
1642 1981 1763 2030 magis

293 2041 541 2091 suspiciosas,
564 2054 680 2090 quam
707 2040 978 2091 Stephanicas.
1038 2041 1161 2090 Cujus
1183 2042 1279 2078 alius
1303 2041 1493 2078 editiones
1524 2041 1643 2091 magis
1674 2042 1762 2080 hor-

291 2109 378 2140 rent
407 2102 743 2153 παριιέιορὲώσεων
775 2102 913 2152 spinis,
936 2116 1051 2152 quani
1076 2109 1144 2140 aut
1175 2103 1421 2149 Plutarchus,
1442 2108 1511 2140 aut
1539 2103 1649 2140 Plato
1676 2105 1763 2142 Ste—

292 2164 441 2215 phani?
474 2165 534 2202 De
555 2164 719 2202 Platone
743 2165 901 2214 quidem
925 2165 1130 2203 Fischerus
1153 2171 1285 2203 noster
1311 2166 1358 2204 V.
1381 2166 1426 2203 C.
1447 2170 1629 2203 testatum
1650 2165 1761 2215 fecit,

293 2227 341 2263 de
364 2225 575 2264 Plutarcho
597 2233 728 2264 auten]
759 2239 831 2276 ego
858 2226 942 2276 ipse
964 2227 1177 2277 quondam.
1232 2226 1366 2277 Turpe
1397 2233 1456 2265 est
1485 2228 1652 2275 censori,
1673 2241 1762 2266 cum

293 2287 411 2337 culpa
438 2287 635 2337 redarguit
665 2289 805 2338 ipsum·
862 2289 938 2326 Sed
966 2302 1173 2339 pergamus
1203 2289 1442 2339 Stephanum
1464 2289 1611 2328 audire.
1667 2295 1695 2316 ‘⁴
1716 2291 1763 2329 In

292 2348 503 2386 editionem
525 2349 787 2387 Basileensem
809 2350 919 2387 unius
945 2364 991 2388 ex
1018 2350 1076 2387 his
1095 2350 1329 2395 oratoribus,
1353 2350 1546 2389 AEschinis
1564 2351 1762 2398 videlicet,

295 2423 384 2460 quae
417 2411 674 2449 Demostheni
705 2411 893 2460 adjuncta
924 2418 997 2458 est,
1029 2426 1119 2450 cum
1142 2413 1278 2450 Latina
1300 2412 1632 2463 interpretatione,
1663 2427 1764 2454 nova

295 2472 476 2522 quaedam
506 2478 545 2509 et
573 2472 769 2518 inusitata,
798 2473 904 2524 quod
935 2474 984 2511 ad
1007 2475 1171 2512 Graecos
1192 2474 1402 2524 scriptores
1428 2475 1578 2521 attinet,
1600 2475 1766 2514 audacia

293 2541 468 2583 grassata
488 2540 559 2572 est.
617 2535 676 2572 lbi
697 2535 799 2572 enim
827 2535 1024 2586 plerisque
1053 2535 1091 2573 in
1122 2536 1221 2573 locis
1242 2536 1433 2575 vocabula
1465 2537 1590 2575 textui
1621 2538 1763 2576 inserta

293 2603 396 2642 snut,
417 2597 518 2636 haud
543 2610 665 2648 pauca
688 2597 802 2635 etiam
825 2598 876 2635 ita
897 2603 1046 2635 mutata
1079 2611 1126 2635 ex
1157 2598 1239 2635 sola
1267 2598 1511 2649 conjectura,
1532 2612 1608 2636 non
1634 2599 1760 2637 minus

294 2664 420 2695 tamen
443 2658 655 2705 audaciter,
678 2672 792 2709 quarn
826 2660 857 2697 si
886 2660 944 2697 hae
977 2659 1199 2697 additiones
1230 2665 1346 2709 atque
1367 2659 1652 2698 immutationes
1683 2674 1759 2699 non

295 2719 522 2768 conjectura
549 2721 710 2766 incerta,
732 2721 798 2758 sed
822 2721 1040 2758 certissimo
1063 2728 1235 2759 veterum
1256 2722 1520 2772 exemplorum
1540 2722 1762 2760 testimonio

296 2780 550 2818 niterentur.’'
608 2783 720 2826 Vera,
742 2783 853 2821 nimis
871 2795 959 2819 vera
979 2783 1050 2829 aiS,
1071 2782 1123 2820 mi
1142 2783 1352 2834 Stephane.
1409 2783 1469 2820 Tu
1489 2789 1634 2828 autem,
1654 2783 1763 2834 signa

296 2854 492 2892 uitriquaan
508 2843 677 2881 mutasti.
699 2857 813 2881 aurea
829 2844 975 2882 aeneis?
999 2845 1130 2882 Sinum
1146 2850 1423 2895 pertentemuS.
1440 2868 1491 2873 --
1505 2847 1670 2896 “Atque
1690 2846 1761 2894 (sic
1813 2853 1817 2861 ‘

293 2905 435 2953 pergit)
455 2910 493 2941 ut
516 2917 591 2941 non
615 2905 738 2943 miuus
760 2906 931 2952 incuriae,
947 2919 1063 2957 quam
1084 2907 1259 2945 audaciae
1281 2907 1455 2958 exempla
1478 2906 1530 2944 ibi
1551 2914 1759 2954 exstarent,

295 2965 432 3003 omissa
455 2965 607 3005 suerunt
627 2967 821 3019 plerisque
837 2969 872 3006 iu
893 2969 990 3008 locis
1008 2968 1212 3018 vocabula,
1233 2982 1321 3019 quae
1344 2969 1381 3007 in
1397 2968 1540 3008 Aldina
1562 2970 1760 3022 leguntur,
