1981 3322
555 203 638 247 DE
669 202 956 246 AESCHINE
988 200 1295 245 ORATORE.
1588 204 1661 246 xix

190 312 430 352 obscuritate
449 318 603 364 peccat,
625 326 702 350 non
730 313 854 350 solum
885 324 932 349 ex
959 316 1157 349 oratorum
1184 323 1346 348 numero
1368 310 1559 357 eximitur,
1590 311 1661 350 sed

189 375 298 414 rudis
318 376 433 426 plane
455 384 574 426 atque
596 375 722 413 infans
745 374 927 412 habetur.
982 373 1072 411 Alia
1092 379 1153 412 est
1172 372 1296 423 major
1315 372 1436 411 virtus
1455 379 1495 411 et
1514 374 1661 412 oratori

189 438 308 489 magis
339 439 511 489 propria,
543 438 758 476 communis
789 443 919 475 tamen
950 436 1197 486 maximeque
1228 441 1322 487 apta
1353 436 1495 486 poetis.
1552 436 1609 474 Ea
1638 449 1662 474 a

189 501 344 538 Graecis
364 500 508 539 dicitur
528 500 704 550 ἐνάργεια
723 504 762 537 et
780 499 848 549 πρὸ
869 497 1047 550 ὀμμάτων
1069 503 1205 543 ποιεῖν,
1227 510 1250 535 a
1271 497 1418 535 Latinis
1444 496 1657 542 evidentia,

187 562 495 612 repraesentatio,
525 561 747 600 illustratio.
806 562 906 599 Haec
933 560 1158 598 auditorum
1188 558 1317 597 oculis
1349 572 1425 604 res,
1457 572 1543 609 quae
1575 572 1662 597 ora-

186 623 292 661 tione
313 629 542 669 tractantur,
564 623 735 672 subjicit,
766 635 981 673 eorumque
1011 621 1148 659 animis
1170 621 1225 658 ita
1246 620 1385 672 infigit,
1406 627 1450 658 ut
1470 633 1535 658 eas
1555 621 1663 659 cerni

186 690 305 736 atque
322 686 416 735 geri,
439 686 563 737 iisque
584 686 770 724 interesse
792 699 831 723 se
852 689 1004 736 putent.
1063 684 1151 722 Hac
1172 683 1318 721 virtute
1347 683 1511 721 maxime
1532 684 1662 721 excel-

187 747 272 785 lunt
295 737 336 793 ii,
361 747 429 798 qui
449 747 626 786 celeriter
646 753 686 786 et
713 753 828 785 acute
854 759 988 784 omnes
1008 745 1063 784 rei
1094 751 1226 797 partes
1247 745 1573 790 animadvertunt,
1595 758 1662 783 eas

186 808 391 859 diligenter
424 810 614 860 cogitant,
640 823 782 860 resque
812 809 1010 858 absentes,
1041 813 1086 846 ut
1115 814 1342 859 praesentes,
1373 808 1516 846 acriori
1547 820 1663 846 sensu

183 870 394 922 animoque
414 871 626 922 concipere
646 878 687 910 et
706 871 782 909 sibi
801 870 948 922 fingere
968 875 1148 921 possunt.
1206 871 1353 921 Operae
1374 869 1547 920 pretium
1574 869 1660 915 erit,

183 931 338 983 aliquot
362 934 538 984 exempla
557 947 606 972 ex
630 933 822 971 AEschine
849 932 1021 978 laudare,
1045 945 1133 983 quae
1162 931 1198 970 ei
1224 931 1329 970 haud
1349 931 1468 970 dubie
1489 931 1663 969 omnium

183 1006 378 1033 consensu
408 995 615 1034 evidentiae
650 995 805 1033 laudem
838 994 1062 1033 conciliant.
1121 994 1215 1032 Erat
1244 994 1348 1032 inter
1378 999 1564 1044 patronos
1595 993 1663 1030 Ti-

184 1056 331 1094 marchi
360 1063 507 1107 praetor
537 1057 692 1108 aliquis,
725 1057 840 1106 cujus
868 1055 1105 1094 auctoritate
1134 1069 1183 1093 ne
1214 1069 1302 1094 reus
1330 1056 1404 1094 sibi
1433 1055 1662 1106 eriperetur,

181 1117 401 1163 cavendum
419 1124 503 1156 erat
522 1119 682 1157 oratori.
727 1118 936 1156 Hominem
957 1131 1051 1169 ergo
1070 1117 1226 1155 duobus
1241 1118 1369 1156 verbis
1390 1117 1444 1155 ita
1460 1116 1663 1162 describit,

182 1183 226 1215 ut
251 1184 292 1216 et
318 1178 436 1217 facile
456 1179 559 1218 inter
578 1180 721 1218 multos
747 1193 950 1232 agnoscas,
970 1186 1010 1218 et
1029 1179 1116 1228 ejus
1147 1180 1408 1230 arrogantiam
1431 1178 1662 1217 vanitatem-

180 1251 260 1289 que
278 1239 407 1278 ridere
423 1242 594 1292 cogaris.
615 1246 663 1291 (κ.
683 1242 849 1295 Τιμάρχ.
870 1246 899 1290 ξ.
920 1242 993 1291 κῆ.)
1014 1240 1274 1290 Ἀναβήσεται
1300 1242 1328 1280 δ’
1347 1243 1387 1280 ἐν
1407 1245 1452 1295 τῇ
1469 1241 1664 1291 ἀπολογίᾳ

179 1302 240 1339 καὶ
258 1309 330 1340 τῶν
351 1312 571 1354 στρατηγῶν
598 1322 669 1351 τις,
691 1308 739 1348 ὡς
760 1308 894 1350 α’κούω,
924 1305 1110 1349 ὑπτιάζων
1131 1307 1191 1342 καὶ
1211 1305 1559 1357 κατασκοπούμενος
1578 1304 1664 1342 ἑαυ-

178 1366 256 1402 τόν.
307 1364 408 1408 Quis
429 1378 508 1403 non
528 1367 671 1412 statim,
694 1380 783 1404 cnm
804 1367 891 1404 haec
911 1366 1020 1416 legit,
1039 1366 1159 1403 totius
1181 1367 1361 1417 corporis
1385 1367 1563 1404 habitum
1580 1365 1664 1404 isti-

180 1438 225 1463 us
251 1425 432 1473 hominis,
458 1426 665 1478 ipsumque
683 1435 870 1478 tanquam
895 1428 935 1464 in
953 1427 1088 1465 tabula
1108 1428 1308 1477 depictum
1329 1434 1396 1465 aut
1416 1428 1663 1465 incedentem

179 1486 313 1525 videre
338 1501 378 1526 se
408 1489 548 1539 putat?
579 1489 680 1526 Cum
711 1489 788 1526 hoc
819 1489 917 1526 alius
946 1501 1025 1525 non
1056 1490 1181 1524 miuus
1213 1489 1369 1538 elegans
1397 1489 1510 1527 locus
1530 1495 1665 1539 potest

180 1549 417 1599 comparari,
448 1551 517 1587 ubi
554 1550 834 1587 Demosthenis
866 1549 904 1586 in
937 1549 1109 1587 dicendo
1136 1550 1428 1589 haesitationem
1460 1557 1499 1589 et
1530 1565 1663 1590 casum

177 1613 235 1659 (π.
264 1611 519 1663 Παραπρεσβ.
542 1615 577 1659 ξ.
600 1613 663 1660 ιέ.)
690 1611 743 1649 ita
764 1610 968 1649 evidenter
987 1610 1191 1656 describit,
1214 1617 1258 1649 ut
1279 1625 1368 1649 cum
1399 1626 1446 1649 eo
1466 1613 1659 1659 laborare,

181 1673 320 1711 sudare
349 1673 518 1724 angique
543 1673 713 1723 cogaris.
770 1673 911 1710 Insunt
935 1672 1025 1710 loca
1046 1672 1224 1721 ejusdem
1246 1674 1398 1723 generis
1426 1674 1501 1712 alia
1522 1676 1659 1721 multa,

179 1749 201 1773 e
218 1735 359 1785 quibus
381 1747 500 1772 unum
518 1740 667 1773 tantum
689 1734 1022 1780 commemorabo,
1041 1734 1109 1772 ubi
1130 1734 1180 1772 de
1200 1735 1479 1773 Thebanorum
1500 1737 1658 1774 calami-

179 1802 260 1835 tate
280 1797 333 1835 ita
351 1797 525 1847 exponit,
549 1803 591 1835 ut
613 1796 790 1836 miserias
823 1810 957 1835 eorum
978 1810 1055 1835 non
1076 1797 1251 1843 auribus,
1275 1797 1344 1836 sed
1374 1798 1502 1836 oculis
1529 1799 1658 1849 perci-

179 1871 273 1910 pere
292 1859 509 1897 videamur.
532 1861 580 1909 (κ.
597 1860 759 1912 Κτησιφ.
782 1860 924 1912 §·,120'·)
944 1861 1029 1897 ἀλλ’
1051 1860 1176 1906 ἐπειδὴ
1197 1867 1276 1904 τοῖς
1300 1862 1474 1912 σώμασιν
1500 1863 1541 1898 οὒ
1562 1879 1657 1914 παρ-

177 1920 372 1970 εγένεσθε,
395 1921 527 1972 inquit
547 1927 690 1968 orator,
715 1928 800 1965 ταῖς
833 1938 877 1970 γε
898 1921 1082 1965 διανοίαις
1103 1921 1345 1973 ἀποβλέψατ’
1366 1926 1489 1961 αὐτῶν
1509 1925 1561 1966 εἰς
1586 1927 1657 1968 τὰς

178 1985 384 2036 συμφορὰς,
417 1985 477 2021 καὶ
511 1988 691 2036 νομίσατε
719 1986 814 2037 ὁρᾷν
842 1985 1095 2036 ἁλισκομένην
1122 1987 1190 2030 τὴν
1216 1988 1341 2032 πόλιν,
1371 1993 1509 2038 τειχῶν
1543 2002 1657 2025 κατα-

180 2047 339 2096 σκαφὰς,
359 2045 562 2097 ἐμπρήσεις
582 2049 716 2093 οἰκιῶν,
734 2048 932 2097 ἀγομένας
950 2052 1136 2096 γυναῖκας
1158 2049 1217 2085 καὶ
1230 2047 1372 2091 παῖδας
1393 2050 1445 2091 εἷς
1464 2048 1655 2095 δουλείαν,

175 2107 390 2157 πρεσβύτας
419 2108 653 2161 ἀνθρώπους,
682 2108 936 2161 πρεσβύτιδας
966 2115 1165 2159 γυναῖκας,
1186 2110 1255 2161 ὀψὲ
1284 2110 1655 2163 μεταμανθάνοντας

172 2172 244 2216 ’τὴν
261 2170 492 2222 ἐλευθερίαν,
521 2175 739 2219 κλαίοντας,
763 2172 994 2216 ἱκετεύοντας
1013 2175 1125 2225 ὑμᾶς,
1147 2175 1410 2226 ὀργιζομένους
1441 2176 1483 2212 οὒ
1502 2180 1583 2218 τοῖς
1602 2192 1656 2213 τι·

176 2235 442 2284 μωρουμένοις,
464 2236 567 2271 ἀλλὰ
586 2240 664 2278 τοῖς
683 2236 821 2273 τούτων
841 2238 986 2278 αἰτίοις.
1044 2236 1200 2282 Nonne,
1223 2236 1292 2287 qui
1314 2236 1399 2274 haec
1421 2236 1528 2286 legit,
1546 2237 1655 2276 urbis

176 2301 339 2332 vastatae
360 2295 568 2346 imaginem
589 2297 778 2347 concipit,
797 2310 994 2335 murorum
1011 2297 1207 2348 fragorem
1228 2304 1268 2336 et
1289 2298 1507 2349 collapsum
1529 2299 1654 2346 audit,

174 2355 464 2395 domiciliorum
497 2357 691 2397 furentem
725 2358 919 2399 flammam
951 2359 1070 2406 videt,
1105 2360 1312 2407 infantum,
1346 2361 1578 2399 feminarum
1614 2368 1655 2400 et

176 2430 309 2455 senum
337 2418 644 2458 imbecillitatem
672 2421 792 2467 dolet,
817 2421 986 2460 fortunae
1017 2423 1365 2461 commutationem
1392 2423 1515 2469 timet,
1536 2423 1652 2461 lacri-

177 2492 325 2518 marum
356 2487 396 2519 et
421 2482 752 2533 supplicationum
774 2484 811 2522 vi
843 2484 892 2522 ad
924 2484 1230 2524 misericordiam
1253 2493 1292 2524 et
1318 2486 1505 2524 auxilium
1526 2485 1652 2524 feren-

176 2541 270 2580 dum
292 2551 575 2590 commovetur,
599 2545 762 2585 alienam
783 2546 975 2584 miseriam
996 2553 1110 2597 putat
1131 2561 1252 2594 suam,
1274 2549 1429 2586 illorum
1450 2547 1650 2585 hominum

176 2617 311 2643 sensus
340 2605 481 2652 induit,
513 2620 662 2658 eosque
682 2615 773 2647 ante
793 2609 942 2655 oculos,
965 2609 1226 2648 miserandum
1257 2610 1542 2661 spectaculum,
1563 2622 1650 2648 ver-

177 2666 254 2765 {arg
272 2667 498 2706 existimat?
531 2670 636 2721 Ergo
665 2670 745 2710 sine
769 2671 891 2710 dubio
912 2671 1123 2710 AEschines
1144 2672 1352 2711 evidentiae
1375 2672 1490 2710 laude
1520 2671 1649 2710 clarus

205 2739 227 2765 a
258 2728 313 2766 eri
333 2728 465 2768 debet.
