1965 3322
539 184 621 226 DE
654 181 940 226 AESCHINE
972 182 1280 225 ORATORE.
1515 190 1651 233 xxxix

182 292 401 346 πρεσβείας,
418 294 506 330 ἀλλ’
524 292 626 335 οἵους
646 292 883 342 ἐξεπέμψατε.
934 292 1053 330 Aliud
1083 298 1365 343 argumentum,
1393 307 1473 344 quo
1503 297 1650 337 decue-

181 363 254 403 rat,
287 355 592 394 Demosthenem
621 353 780 391 noxium
814 353 1046 404 reipublicae
1076 354 1211 400 fuisse,
1245 354 1320 392 hoc
1347 355 1651 406 epiphonemate

181 417 405 457 concludit:
437 418 486 469 (κ.
506 417 667 468 Κτησιφ.
695 423 725 466 ξ.
747 416 820 467 μέ.
842 414 926 465 fin.)
946 417 1075 462 οὕτως,
1094 419 1143 459 ὡς
1169 416 1276 462 ἐὀικε,
1297 419 1440 467 πονηρὰ
1457 419 1567 470 φῦσις
1585 438 1649 472 με·

182 481 308 530 γάλης
326 479 492 527 ἐξουσίας
509 475 779 529 ἐπιλαβομένη,
801 476 986 529 δημοσίας
1004 478 1257 531 ἀπεργάζεται
1279 480 1489 532 συμφοράς.
1534 482 1650 533 Saepe

181 541 296 580 etiam
318 555 388 592 per
407 541 595 584 ἀντίθετα,
617 553 706 590 quae
726 551 805 577 rem
828 538 1134 578 demonstratam
1155 541 1328 579 omnium
1348 543 1498 592 optime
1518 543 1651 583 decla-

181 610 281 651 rant,
303 601 518 653 argumenti
537 601 612 639 vim
641 600 829 647 ostendit,
853 607 896 639 ut
916 614 962 639 eo
984 602 1022 638 in
1052 601 1154 647 loco,
1187 602 1253 639 ubi
1282 602 1473 642 docuerat
1502 605 1650 643 Demo-

181 667 354 705 sthenem
374 664 489 702 etiam
510 676 601 714 erga
622 668 810 714 cognatos
831 662 951 702 fuisse
973 663 1209 714 improbum.
1230 664 1343 713 (ibid.
1364 670 1395 714 ξ.
1417 665 1504 715 aa.)
1551 667 1650 705 Item

180 727 284 774 alibi,
305 726 373 765 ubi
392 725 592 764 Timarchi
610 725 728 762 vitam
749 738 773 763 a
787 724 1029 763 conscientia
1049 732 1089 764 et
1108 724 1542 777 praejudiciojudicum
1565 729 1651 767 cul-

178 795 302 842 parat,
323 789 526 827 evidenter
546 788 602 826 sic
623 787 773 838 colligit
791 800 980 826 summam
999 788 1242 837 argumenti:
1279 789 1328 839 (κ.
1347 789 1518 841 Τιμάρχ,
1539 794 1570 838 ξ.
1589 792 1650 829 ις’.

177 852 266 901 fin.)
279 854 409 890 οὐκοῦν
420 850 558 889 ἄτοπον
574 851 622 889 ἂν
636 852 706 896 εἴη,
722 846 751 888 ὦ
762 851 971 897 Ἀθηναῖοι,
985 851 1015 888 εἰ
1030 849 1147 902 μηδὲν
1158 849 1227 901 μὲν
1242 850 1331 901 ἐμοῦ
1346 853 1530 900 λέγοντος
1545 854 1650 891 αὐτοὶ

175 913 294 963 βοᾶτε
322 916 391 960 τὴν
416 913 631 964 ἐπωνυμίαν
650 919 723 951 τῶν
742 911 877 963 ἐ’ργων,
899 910 950 952 ὧν
978 912 1127 951 σύνιστε
1152 913 1279 964 τούτῳ·
1300 913 1390 964 ἐμοῦ
1412 912 1448 951 δὲ
1468 916 1652 963 λέγοντος

175 978 412 1023 ἐπιλέλησθε·
433 976 492 1012 καὶ
510 977 560 1026 μὴ
577 976 781 1026 γενομένης
801 974 870 1026 μὲν
889 976 1043 1027 κρίσεως
1063 974 1123 1012 ἐπὶ
1148 979 1213 1013 τοῦ
1231 975 1470 1027 πράγματος,
1487 979 1566 1022 ἥλω
1586 977 1652 1016 ἄν·

178 1039 382 1087 γεγονότος
403 1036 440 1075 δὲ
459 1037 625 1089 ἐλέγχου
643 1038 899 1088 ἀποφεύξεται.
958 1037 1076 1074 Sexta
1093 1037 1218 1075 virtus
1249 1042 1320 1083 est,
1349 1037 1419 1077 ubi
1439 1039 1652 1078 multorum

176 1105 491 1150 argumentorum
520 1111 592 1149 per
619 1100 952 1150 ἀνακεφαλαίωσιν
983 1097 1207 1136 memoriam
1239 1104 1416 1145 renovat,
1439 1106 1482 1137 ut
1507 1100 1585 1139 hoc
1611 1101 1652 1140 in

175 1161 265 1199 loco
300 1163 349 1209 (uc.
374 1160 535 1213 Κτησιφ.
566 1167 597 1211 §-
624 1159 687 1209 ιγ’.
716 1159 836 1208 med.)
863 1159 1131 1211 ἀναμνήσθητε
1161 1160 1203 1206 δὴ
1222 1183 1276 1190 -·
1294 1163 1550 1215 γεγραφότας
1581 1164 1650 1202 Se-

174 1223 299 1274 ptima
318 1229 359 1262 et
388 1228 530 1261 octava
549 1223 688 1274 virtus,
708 1234 797 1260 cum
816 1221 1019 1261 conclusis
1040 1223 1277 1273 argumentis
1299 1222 1452 1271 αὔξησιν
1470 1231 1511 1263 et
1529 1223 1653 1270 πάθος

172 1286 297 1325 addit.
353 1286 570 1336 Postquam
589 1284 781 1323 docuerat
804 1284 1115 1324 Demosthenem
1133 1284 1307 1338 ἄρχοντα
1336 1286 1396 1325 ἐπὶ
1420 1294 1494 1326 τῶν
1524 1290 1651 1339 θεωρι-

173 1357 246 1389 κῶν
261 1349 390 1396 fuisse,
412 1351 559 1396 αὐξήσει
586 1348 721 1395 utitur,
742 1354 782 1387 et
805 1347 920 1398 (ibid.
940 1349 970 1394 ἕ.
990 1348 1059 1399 ui.)
1079 1348 1185 1387 hunc
1215 1349 1483 1401 magistratum
1504 1351 1650 1390 multos

172 1412 270 1450 alios
290 1410 624 1462 comprehendere
644 1410 894 1449 demonstrat.
936 1410 1071 1454 Πάθος
1091 1410 1304 1450 admiscuit
1323 1418 1364 1451 et
1381 1412 1495 1462 (ibid.
1517 1420 1549 1464 ξ.
1567 1415 1650 1465 μῆ.)

171 1473 449 1512 Thebanorum
477 1472 721 1511 calamitates
748 1472 873 1511 oculis
896 1471 1077 1522 judicum
1109 1472 1293 1522 subjecit,
1322 1480 1534 1525 postquam
1566 1474 1648 1513 De-

172 1535 413 1574 mosthenem
432 1534 632 1573 Thebanis
651 1540 851 1572 auctorem
872 1533 967 1572 belli
988 1534 1109 1573 fuisse
1130 1534 1295 1574 dixerat.
1353 1536 1434 1580 Qui
1459 1549 1553 1586 ergo
1580 1549 1650 1575 au-

171 1597 319 1640 ditores
349 1601 559 1647 praeparat,
587 1594 691 1634 varie
722 1600 952 1646 argumenta
979 1602 1148 1634 tractare
1174 1597 1327 1648 incipit,
1355 1597 1540 1636 inchoata
1568 1598 1646 1637 late

170 1659 355 1709 explicat,
377 1657 587 1696 adversarii
609 1656 739 1695 verbis
758 1657 884 1707 ipsum
906 1657 1018 1707 petit,
1040 1659 1335 1697 conclusionem
1357 1666 1483 1710 urget,
1509 1660 1647 1712 dispu-

169 1726 338 1759 tatorum
354 1719 578 1758 memoriam
600 1725 777 1768 renovat,
795 1718 1063 1758 demonstrata
1082 1727 1202 1771 auget
1217 1727 1257 1759 et
1272 1721 1392 1765 πάθος
1411 1722 1534 1768 addit,
1555 1736 1645 1774 quae

167 1782 297 1820 omnia
315 1780 411 1820 fecit
431 1780 649 1827 AEaehines,
670 1779 702 1818 is
723 1779 904 1831 profecto
922 1781 1171 1832 populariter
1187 1782 1343 1822 videtur
1362 1784 1613 1835 persuadere.

730 1917 761 1958 S
787 1917 826 1959 E
850 1917 886 1959 C
904 1917 961 1960 T.
1020 1918 1080 1961 V.

772 2008 838 2046 De
858 2009 1045 2048 moribus.

218 2094 370 2140 Mores,
402 2094 471 2145 qui
489 2094 539 2132 ad
566 2093 861 2145 persuasionem
880 2094 1046 2133 multum
1067 2095 1292 2146 conferunt,
1314 2103 1406 2136 sunt
1429 2098 1491 2136 vel
1509 2106 1640 2138 orato-

164 2157 232 2203 ris,
252 2157 313 2195 vel
329 2156 533 2203 auditoris,
554 2156 616 2194 vel
635 2168 785 2201 eorum,
807 2156 875 2206 qui
895 2157 1071 2196 oratione
1091 2163 1321 2197 tractantur.
1380 2160 1640 2212 Permagnum

163 2219 266 2258 enim
287 2218 453 2258 oratoris
472 2217 648 2265 interest,
669 2217 840 2268 aliquam
869 2218 909 2256 in
929 2219 1178 2258 auditoribus
1197 2220 1246 2259 de
1267 2234 1307 2259 se
1328 2222 1551 2273 opinionem
1570 2230 1640 2262 aut

163 2281 346 2328 excitare,
367 2286 438 2320 aut
465 2287 698 2331 conceptam
718 2279 965 2320 confirmare.
1024 2281 1082 2319 Ea
1101 2295 1175 2333 pro
1195 2283 1380 2322 varietate
1399 2287 1637 2336 argumenti,

162 2343 272 2394 quod
293 2343 471 2382 oratione
491 2342 723 2394 explicatur,
739 2342 845 2381 varia
864 2356 949 2381 esse
969 2342 1103 2382 debet.
1157 2343 1257 2382 Nam
1280 2345 1479 2385 suadentis
1502 2347 1638 2398 impri-

161 2405 234 2444 mis
254 2411 456 2457 spectatur
474 2405 699 2457 prudentia,
719 2404 855 2453 virtus,
874 2411 915 2444 et
944 2405 1218 2445 benevolentia
1237 2420 1329 2458 erga
1355 2407 1637 2448 deliberantes.

163 2469 263 2513 Quis
287 2469 390 2508 enim
410 2482 500 2508 eum
520 2469 713 2515 consulat,
738 2468 806 2520 qui
828 2468 911 2520 ipse
931 2482 1001 2520 per
1019 2469 1320 2520 imprudentiam
1343 2478 1383 2510 et
1402 2471 1637 2523 imperitiam

161 2532 367 2571 consulere
379 2545 458 2571 non
474 2533 635 2583 potest?
664 2533 746 2570 Aut
767 2532 856 2582 quis
872 2532 1069 2571 hominem
1085 2533 1306 2584 improbum
1321 2541 1522 2573 auctorem
1543 2548 1638 2573 cou-

162 2593 335 2633 siliorum
354 2600 394 2633 et
413 2593 608 2633 factorum
626 2607 799 2641 suorum,
818 2600 889 2633 aut
909 2594 1107 2633 inimicum
1129 2596 1362 2647 participem
1375 2596 1638 2647 cogitatorum

162 2655 292 2703 faciat,
322 2656 438 2708 eique
469 2656 650 2695 suadenti
682 2655 800 2695 fidem
829 2657 1002 2695 habeat?
1031 2658 1247 2696 Accusanti
1280 2658 1555 2705 mansuetudo,
1583 2659 1639 2697 le·-

164 2717 265 2756 nitas
284 2724 326 2757 et
345 2718 573 2770 simplicitas
594 2719 791 2757 convenit.
849 2720 1060 2757 Hominem
1081 2720 1182 2758 enim
1213 2720 1456 2771 κατηγορικὸν
1476 2727 1515 2758 et
1533 2724 1641 2773 φιλο-

164 2780 366 2832 πράγμονα
385 2787 424 2819 et
446 2780 683 2835 συκοφάντην
704 2781 882 2832 quilibet,
904 2782 971 2832 qui
999 2795 1107 2820 suam
1135 2782 1383 2821 securitatem
1404 2789 1444 2821 et
1464 2783 1639 2834 quietem

164 2848 284 2892 amat,
316 2843 410 2881 odio
437 2843 598 2894 dignum
629 2851 668 2882 et
700 2849 929 2894 suspectum
958 2843 1129 2894 judicat.
1189 2843 1433 2883 Laudantem
1468 2846 1641 2884 veritatis

165 2902 337 2942 studium
357 2910 397 2943 et
415 2905 616 2957 integritas
635 2905 686 2944 ab
700 2905 927 2944 adulatione
948 2906 1211 2945 commendat.
1273 2906 1563 2946 Defendentem
1580 2908 1640 2945 in—

163 2965 359 3013 nocentia,
387 2966 562 3017 probitas
590 2974 630 3006 et
660 2967 876 3007 moderatio
904 2968 1154 3019 probabilem
1175 2968 1317 3008 reddit.
1376 2970 1459 3008 Has
1479 2970 1641 3009 virtutes
