1916 3340
316 203 371 244 28

361 310 454 352 ἄνδρα.
474 313 527 349 24,
543 313 574 342 4.
596 311 838 354 προσκαλεῖσθαι
861 312 899 346 εἰς
916 312 966 343 ‘thr
986 319 1034 351 φι-

362 353 435 384 λίαν.
451 356 504 391 24,
521 357 573 387 26.
597 367 667 387 ηκειν
691 356 729 390 εἷς
751 357 800 387 την
821 356 962 394 ἀκρόασιν
983 358 1035 390 24,

363 400 417 428 37.
439 397 479 431 εἷς
498 397 545 428 τὸν
563 409 613 429 του
628 399 813 440 ιπράγματος
830 399 916 428 αυτοῦ
939 397 1036 438 δρόμον

362 450 384 469 ε’
378 440 535 471 σελαύνειν.
549 445 603 477 25,
618 445 668 472 10.
691 440 906 483 παραδέχεσθαι
922 441 959 474 εἷς
973 453 1036 475 τους

365 484 475 521 ἀγῶνας
496 484 560 518 ἐ’θος
581 454 765 515 ἄδικωτατοξν.
792 488 845 519 25,
867 487 917 514 24.
947 482 1035 513 ἐκπί-

365 537 448 556 πτειν
470 527 508 562 εἷς
531 527 620 559 λήθην
638 531 689 562 τῆς
712 527 888 567 κατηγορίας.
912 527 965 560 25,
983 529 1035 557 26.

365 568 478 606 δυνατός
503 569 594 609 λέγειν
617 571 654 606 εἰς
677 570 835 612 ὑπερέολῆν.
858 570 911 604 25,
928 572 980 600 34.
1004 568 1036 599 ἐκ

364 613 463 647 παιδος
477 613 515 649 εἶς
528 616 613 655 γῆρας
628 615 753 654 σώφρων.
769 616 820 649 25,
835 615 888 644 37.
907 612 1036 652 ἐγκατῳ-

364 656 518 695 κοδόμησεν
532 658 618 688 αὐτην
632 657 705 697 μεθ’
720 656 817 686 ἵππου
837 656 875 690 εἷς
887 655 984 696 ἔρημον
998 656 1037 685 οἶ-

364 698 435 729 κίαν.
452 702 505 738 26,
518 702 550 730 7.
571 700 604 729 τὸ
625 702 750 740 πρᾶγμα
772 700 810 734 εἶς
827 698 968 738 διάπειραν
987 699 1036 728 καὶ

365 742 444 780 λόγον
465 742 662 773 κατέστησαν.
689 745 742 778 26,
767 745 819 773 20.
853 741 1038 774 ἀποβλέπειν

366 785 405 818 εἷς
429 788 484 820 τὰς
512 788 567 815 τῶν
596 784 815 825 γυμναζομένων
843 785 956 824 εὐεξίας.
982 787 1035 821 26,

365 838 439 868 pen.
461 830 562 858 ταῦτα
583 830 620 862 εἷς
636 828 682 858 τόν
697 827 934 870 ἐπακτροκέλητα
949 827 1036 867 ἐμβι-

366 871 458 912 Βάζει.
481 874 533 907 27,
552 874 582 902 9.
603 872 729 902 καθῆκεν
749 872 788 906 εἷς
811 873 888 910 ἧμᾶς
909 872 920 902 ὁ
946 871 1036 909 λόγος.

366 916 420 987 31,
432 917 484 945 27.
507 915 546 947 εἷς
560 915 662 956 χεῖράς
673 926 744 949 τινος
756 914 948 945 καταστῐσαί
962 926 1036 945 τινα.

412 960 466 992 ,1.
490 957 524 987 σὲ
540 957 568 987 δὲ
585 958 623 992 εἷς
644 960 685 988 τὰ
706 957 802 988 ἐκείνου
817 957 924 996 γόνατα
946 958 1037 989 Quo-oe

365 998 508 1030 παιδίον“’
495 1012 573 1030 οντα.
588 1003 643 1037 32,
657 1004 688 1031 2.
711 1000 922 1042 καταστρέφειν
937 1001 975 1035 εἷς
990 1009 1038 1040 φι-

364 1041 540 1096 λανθρωπίαν
554 1055 619 1078 τους
630 1044 738 1083 λόγους.
752 1047 805 1081 33,
820 1047 871 1074 18.
895 1043 1037 1074 καθιστά-

365 1096 408 1115 ναι
425 1087 462 1120 εἷς
476 1086 654 1127 στρατηγίαν
667 1089 740 1118 τινα.
756 1090 810 1121 33,
826 1090 880 1119 28.
894 1088 1039 1118 σκώπτειν

364 1128 403 1163 εἷς
424 1129 532 1160 ἑαυτόν.
552 1133 607 1166 33,
623 1133 676 1162 30.
698 1131 736 1165 εἰς
748 1129 902 1163 συνθήκην
893 1132 972 1171 ημῖις
986 1142 1038 1161 κα-

364 1171 521 1203 τέκλεισεν.
537 1176 590 1208 33,
607 1177 662 1204 40.
685 1173 809 1204 καλέσαι
823 1173 870 1205 ἐπὶ
885 1174 988 1205 δεῖπνον
1001 1175 1040 1209 εἷς

366 1219 539 1256 πρυτανεῖον.
554 1219 608 1253 34,
628 1220 680 1249 13.
704 1216 774 1247 θέαν
791 1218 829 1251 εἷς
850 1219 891 1247 τοὶ
908 1217 1039 1248 Διονύσια

365 1261 553 1299 κατανεῖμαι.
568 1262 622 1296 35,
636 1264 688 1292 10.
712 1261 866 1301 προσόδους
881 1261 919 1294 εἷς
935 1259 980 1290 τόν
995 1260 1040 1291 δῆ-

366 1313 420 1342 μον
432 1302 616 1343 προξουλεύει.
632 1305 685 1339 35,
701 1306 754 1336 30.
778 1303 973 1344 ἐβδομήκοντα
987 1304 1039 1334 πό-

366 1351 425 1380 λεις
441 1346 641 1388 συμμαχίδας
654 1345 835 1378 κατέστησεν
850 1347 889 1380 εἷς
911 1346 944 1376 τό
961 1346 1040 1376 συνέ-

367 1388 443 1428 δριον.
460 1392 514 1424 37,
532 1393 584 1420 12.
607 1389 760 1419 καταλύειν
781 1391 818 1423 εἷς
833 1389 924 1419 ταύτὸ
940 1390 1041 1420 πανδο-

365 1433 451 1471 χεῖον.
468 1436 522 1467 41,
538 1435 570 1462 4.
593 1432 749 1463 κατέλιπον
763 1433 861 1468 αὑτοῖς
882 1435 931 1463 τῆν
955 1432 994 1467 εἷς
1008 1432 1041 1462 τὸ

367 1474 473 1514 ἀφανὲς
492 1476 640 1515 ἀναφοράν.
662 1478 717 1510 41,
732 1478 785 1505 41.
810 1474 976 1515 προπύλαια
992 1477 1042 1509 τῆς

367 1518 551 1558 ἀκροπόλεως
564 1517 711 1549 Ἀθηναίων
735 1520 914 1558 μετενεγκεῖν
935 1518 973 1552 εἶς
994 1520 1043 1549 τὴν

367 1560 554 1600 προστασίαν
574 1564 626 1595 τῆς
648 1560 805 1601 Καδμείας.
822 1564 877 1597 42,
901 1564 933 1592 2.
955 1562 1043 1601 ὑπηρ-

364 1604 425 1641 γμέ
433 1616 476 1634 ναι
490 1604 529 1639 εἴς
551 1616 615 1634 τινα
639 1603 796 1646 ὑπηρεσίαι.
814 1608 870 1641 42,
888 1607 940 1636 23.
964 1615 1044 1644 προε-

366 1647 425 1687 δρία
448 1648 487 1681 εἷς
509 1650 549 1678 τὰ
573 1648 714 1678 Διονύσια.
740 1651 795 1684 42,
812 1651 864 1678 31.
888 1647 1043 1677 καταδύναι

365 1691 404 1724 εἷς
416 1690 527 1725 σκότος.
542 1694 597 1726 42,
610 1694 663 1722 37.
676 1692 802 1731 προάγων
814 1691 852 1725 εἷς
866 1688 986 1725 ἐλπίδας
999 1703 1044 1720 τι-

368 1736 416 1768 νας
431 1735 518 1773 ὑμᾶς.
534 1737 588 1770 43,
607 1737 659 1765 42.
685 1735 714 1765 οὐ
731 1734 843 1774 φθονεῖς
863 1746 915 1775 μοι
930 1737 985 1763 τῶν
1006 1734 1044 1769 εἰς

368 1776 402 1807 τὸ
417 1780 508 1817 σῶμα
522 1777 712 1818 τιμημάτων.
733 1780 786 1826 46,
801 1780 854 1808 31.
877 1779 920 1817 μη
941 1777 1044 1830 σύναγε

367 1832 409 1850 τα
425 1822 578 1851 κάλλιστα
600 1833 660 1855 τοις
678 1821 845 1862 αἰσχίστοις
868 1821 908 1855 εἶς
928 1819 1043 1851 ταύτόν.

368 1866 424 1899 47,
442 1866 494 1894 26.
517 1876 547 1893 ου
563 1863 716 1905 zoeS’apoc
701 1876 736 1894 ων
751 1876 806 1898 τας
826 1874 928 1915 χειρας
943 1864 983 1897 εἷς
995 1875 1044 1893 την

369 1908 424 1945 ἆγε
427 1909 473 1946 ραν
498 1905 672 1946 ἐμβάλλεις.
692 1910 747 1943 48,
762 1909 793 1938 3.
817 1904 877 1937 δι’
865 1918 889 1936 ον
904 1906 942 1940 εἷς
956 1905 1043 1945 δημό-

368 1961 424 1984 τας
440 1949 598 1990 ἐνεγράφης.
615 1953 669 1985 48,
684 1953 736 1981 14.
760 1949 910 1987 ἐπανάγειν
925 1949 964 1983 εις
979 1948 1044 1980 ὄνεί-
1074 1956 1075 1959 ’

370 1993 399 2023 δη
421 1992 472 2022 τήν
486 2005 559 2027 τινος
572 1991 737 2031 εὐαγωγίαν.
753 1995 807 2027 48,
825 1996 877 2023 20.
901 1990 1045 2032 ἐπιδημῶν

369 2036 408 2070 εἷς
423 2037 472 2066 τὴν
488 2035 568 2065 πόλιν
584 2037 672 2074 ἦμῶν.
688 2038 742 2073 48,
762 2039 814 2066 42.
839 2035 877 2069 εἶς
891 2036 1046 2075 ἀνάμνησιν

370 2080 490 2116 ἀγαγεῖν
505 2082 560 2108 τῶν
572 2077 812 2119 κατηγορημένων.
829 2081 883 2113 49,
899 2080 952 2109 33.
975 2078 1044 2118 γρά-

369 2129 429 2160 φειν
440 2121 538 2159 λόγους
554 2122 592 2156 εἷς
607 2122 774 2164 δικαστήρια
788 2120 907 2162 μισθοῦ.
923 2122 977 2157 50,
993 2124 1045 2152 21.

369 2166 570 2204 παραπομπῆν
592 2167 640 2195 την
663 2166 701 2199 εἶς
722 2167 858 2195 Φλιοῦντα
885 2175 1046 2205 συμπαρα-

371 2207 517 2247 πέμπων.
535 2209 590 2244 50,
613 2210 665 2239 35.
686 2206 919 2248 παρεμπίπτειν
939 2207 978 2241 εἷς
997 2209 1046 2239 τὴν

371 2249 535 2281 πολιτείαν.
559 2252 613 2287 51,
633 2253 686 2282 20.
709 2251 796 2292 χίλια
818 2251 954 2281 τάλαντα
969 2250 1046 2290 νομί-

370 2305 491 2334 σματος
505 2292 694 2333 ἀνηνέγκαμεν
707 2295 746 2328 εἰς
758 2296 807 2325 τὴν
820 2293 977 2333 ἀκρόπολιν.
990 2295 1028 2325 51
1037 2317 1045 2329 ,

371 2340 423 2368 25.
441 2337 478 2370 εἷς
490 2338 555 2370 τοὺς
565 2336 680 2371 ἀσεβεῖς
691 2338 843 2377 τριάκοντα
859 2335 1045 2376 ἐνεπέσαμεν.

370 2382 426 2415 51,
434 2382 487 2411 38.
502 2379 540 2413 εἷς
550 2390 604 2420 pro
617 2378 654 2411 ἐν.
669 2379 728 2409 ὅσον
743 2380 765 2410 ε’·
768 2392 781 2413 ς
793 2391 907 2420 μνημην
917 2379 986 2409 ειναι
997 2391 1047 2411 την

370 2423 452 2463 ἐμὶν,
473 2428 623 2463 quantum
646 2428 787 2463 repetere
813 2423 960 2453 memoria
975 2434 1046 2464 pos-

372 2478 450 2497 sum.
475 2468 529 2501 52,
546 2467 598 2496 19.
630 2463 754 2505 ἔκφοὲεῖν
776 2467 841 2500 τοὺς
866 2466 1047 2506 ἀντεροῦντας

372 2510 394 2539 εἶ
399 2522 411 2544 ς
433 2520 479 2538 τον
499 2507 650 2548 μέλλοντα
672 2508 772 2549 χρόνον.
789 2510 844 2544 52,
861 2511 914 2538 36.
937 2509 975 2543 εἰς
998 2521 1048 2539 την

372 2552 516 2592 μεγίστην
533 2550 648 2592 ἀπορίαν
664 2551 851 2590 ἀφικνεῖσθαι
873 2563 938 2586 τους
956 2563 1047 2583 κατη-

373 2596 475 2636 γόρους.
499 2596 554 2631 55,
572 2598 623 2625 10.
646 2595 806 2625 ἀναλίσκειν
832 2596 882 2625 τῆν
905 2594 1048 2635 πατρῴαν

375 2639 469 2670 οὐσίαν
488 2639 527 2673 εἷς
549 2640 598 2669 τῆν
619 2636 685 2678 πρὸς
707 2639 786 2677 ὑμᾶς
801 2638 978 2677 φιλοτιμίαν.
994 2640 1047 2674 56,

375 2685 428 2713 27.
452 2681 540 2722 φέρειν
560 2681 598 2715 εἷς
620 2680 793 2719 ἀπολογίαν.
815 2682 869 2715 58,
884 2683 938 2712 36.
961 2683 1049 2711 τοιοῦ-

374 2736 421 2755 τον
444 2724 509 2758 ’5344-
528 2723 715 2765 παραδέδυκεν
737 2725 814 2764 ὑμῶν
836 2724 874 2757 εἷς
897 2726 946 2755 την
966 2731 1049 2755 πολι-

375 2768 462 2798 τείαν.
478 2770 532 2803 59,
548 2771 578 2798 2.
603 2765 673 2807 μέθ’
684 2769 765 2805 ὑμεῖς
781 2767 853 2797 ποτὲ
869 2768 907 2801 εἷς
919 2768 1050 2798 τοιαύτην

375 2811 499 2851 ἀταξίαν
513 2813 568 2840 τῶν
582 2810 671 2850 νόμων
685 2810 861 2851 προβαίνητε.
879 2813 932 2847 59,
948 2812 979 2841 5.
997 2823 1050 2840 κα·

377 2855 419 2884 κοῒ
434 2857 482 2885 τῆν
497 2852 594 2895 ψυχῆν
613 2854 652 2886 εἷς
673 2853 719 2884 τὸν
743 2855 827 2893 δῆμον
841 2853 979 2892 γίνωνται.
996 2856 1049 2891 60,

380 2900 430 2927 13.
454 2897 620 2936 γράφεσθαι
636 2898 674 2931 εἷς
688 2897 772 2937 ἄρειον
788 2898 890 2935 πάγον.
906 2899 958 2933 60,
974 2908 1047 2938 pen.

375 2939 410 2970 ἵν’
419 2941 457 2974 εἶς
468 2941 605 2981 ὑποδοχῆν
613 2940 733 2971 ἅπαντα
747 2941 796 2970 καὶ
808 2941 883 2978 λέγοι
895 2941 942 2970 καῖ
954 2942 1049 2981 πρατ-

376 2995 421 3012 τοι
435 2985 606 3023 Φιλοκράτει.
622 2986 737 3016 6139.
754 2984 790 3016 εἷς
803 2986 850 3012 τὲν
861 2985 969 3015 στήλην
984 2985 1049 3013 ἀνα-

377 3026 552 3068 γεγράφθαι.
575 3029 632 3062 63,
650 3030 701 3058 32.
738 3026 889 3066 πρεσβείαν
913 3029 951 3061 εἷς
971 3038 1047 3067 προε-

735 203 932 246 INDEX
974 201 1358 246 GRAECITATIS

1111 307 1184 350 δρίαν
1202 310 1310 341 ιαλεὛ.
1330 311 1385 346 64,
1400 311 1452 342 26
1475 310 1570 351 bytho
1585 311 1645 348 τοις
1657 313 1779 356 01¹3&st-

1112 364 1156 383 σιν
1178 354 1216 387 εἷς
1238 354 1273 384 τό
1294 352 1386 394 &kene
1388 365 1423 384 ον.
1439 356 1493 389 64,
1509 357 1562 385 28.
1585 357 1780 408 προῦπεμψεν

1112 396 1150 431 εἷς
1163 396 1268 430 ΘηΒας.
1286 399 1339 433 64,
1351 399 1404 428 30.
1427 395 1584 437 ἐμέάλλειν
1595 398 1633 432 εἶς
1643 400 1780 442 ἀτυχίας.

1113 441 1165 474 65,
1183 442 1213 471 6.
1246 441 1284 475 εἰς
1313 452 1398 470 τουτο
1420 440 1506 481 φέρων
1533 440 1711 481 περιέστησε
1739 448 1780 475 τιὶ

1113 494 1291 522 πραγματα.
1306 485 1359 519 65,
1375 485 1428 514 24.
1450 484 1642 525 στρατόπεδον
1655 485 1693 521 εἴς
1705 497 1783 521 τινας

1113 525 1271 567 δυσχωρίας
1295 526 1583 567 κατακεκλεισμένον.
1604 530 1659 564 66,
1676 531 1708 559 7.
1730 530 1782 569 φέ-

1112 569 1215 608 ρεσθαι
1231 570 1269 604 εἰς
1285 571 1333 600 τῆν
1348 570 1448 600 ἑαυτοῦ
1463 570 1557 609 φύσιν.
1572 573 1625 605 66,
1641 574 1694 602 20.
1717 584 1782 604 συν-

1113 611 1192 664 έδριον
1215 612 1252 646 εἷς
1275 613 1404 643 Χαλκίδα
1426 614 1560 652 συνάγων.
1587 616 1640 650 66,
1665 617 1718 645 21.
1746 616 1784 650 εἷς

1112 654 1202 693 μέσον
1216 653 1319 686 πίπτει
1333 668 1385 690 της
1402 655 1531 689 Θηβαίων
1545 656 1656 698 ἔχθρας
1671 658 1718 687 καὶ
1735 665 1784 688 Φι-

1113 696 1232 729 λίππου.
1253 701 1307 735 66,
1324 701 1375 730 27.
1400 699 1438 734 εἷς
1454 701 1540 730 τοῦτο
1558 700 1690 742 προηχθη
1704 707 1784 732 Καλ-

1114 740 1178 776 λίας
1193 740 1293 782 ὕβρεως
1307 742 1356 772 και
1372 742 1541 782 πλεονεξίας,
1558 742 1739 783 Δημοσθένης
1755 744 1784 776 δὲ

1114 783 1283 824 δωροδοκίας.
1299 788 1353 822 67,
1364 788 1395 816 8.
1411 784 1534 828 ἀριθμῶν
1545 786 1583 820 εἷς
1594 785 1678 817 ὁπότε
1688 786 1785 818 ἔσται.

1115 829 1168 863 67,
1187 829 1242 858 39.
1266 827 1483 869 πλημμέλημα
1497 830 1535 863 εἷς
1549 829 1638 865 θεούς.
1662 831 1716 866 68,
1731 832 1786 862 35.

1115 870 1280 910 πυλαγόρων
1302 874 1358 901 τῶν
1378 883 1417 907 εις
1433 873 1561 912 Δελφοὺς
1581 872 1787 913 ἀφικνουμένων

1114 911 1203 948 ἐνίους.
1222 916 1275 950 69,
1289 916 1341 945 30.
1364 915 1387 944 εἲ
1402 916 1447 955 μη
1469 915 1567 989 δρόέιοο
1585 916 1672 956 μόλις
1686 916 1785 956 εξεφύ-

1115 967 1202 997 γομεν
1223 957 1262 992 εἷς
1276 957 1413 997 Δελφούς.
1432 960 1522 994 71,6
1526 982 1533 989 .
1557 957 1705 999 ἐκφέρεται
1720 971 1787 1000 προ-

1115 999 1264 1040 Βούλευμα
1286 1001 1325 1035 εἰς
1347 1003 1397 1033 τὴν
1415 1000 1578 1033 ἐκκλησίαν.
1599 1004 1654 1039 71,
1675 1006 1727 1034 21.
1749 1004 1789 1038 εἷς

1115 1042 1352 1096 παραδοξολογίαν
1373 1056 1434 1080 τοις
1455 1043 1595 1086 ἐσομένοις
1617 1045 1692 1085 μεθ’
1709 1049 1789 1086 ημας

1115 1084 1232 1127 ἔφυμεν.
1245 1089 1300 1124 72,
1317 1091 1370 1119 24.
1392 1090 1448 1119 τῶν
1461 1099 1500 1123 εις
1513 1087 1560 1118 τὸν
1574 1088 1707 1128 πόλεμον
1721 1090 1789 1118 ἀνα-

1115 1131 1264 1169 λωματων
1285 1132 1326 1161 τα
1344 1131 1390 1161 δύο
1409 1130 1480 1172 μέρη
1496 1132 1564 1171 ὑμῖν
1578 1130 1739 1169 ἀνέθηκεν,
1731 1143 1788 1164 lm-

1117 1174 1234 1213 posuit.
1248 1176 1333 1210 '74‚⁶
1313 1188 1344 1206 0.
1359 1175 1482 1214 ἀπαγειν
1493 1175 1531 1209 εἷς
1542 1174 1576 1205 τὸ
1590 1175 1787 1216 δεσμωτηριον.

1116 1217 1171 1254 75,
1187 1219 1217 1247 2.
1241 1215 1364 1250 Βλέπων
1372 1218 1422 1271 ιεἷς
1440 1219 1481 1248 τα
1499 1218 1607 1249 τούτων
1621 1218 1788 1260 πρόσωπα.

1116 1261 1171 1295 75,
1188 1262 1241 1290 17.
1263 1262 1352 1290 καλει
1367 1261 1380 1291 ὅ
1403 1260 1487 1302 κηρυξ
1508 1262 1547 1296 εἷς
1561 1261 1709 1302 προεδρίαν.
1732 1263 1788 1298 75,

1118 1304 1171 1334 33.
1194 1304 1261 1337 ταῖς
1275 1314 1309 1341 γε
1327 1303 1456 1338 διανοίαις
1469 1302 1666 1340 ἀποβλέψατε
1681 1305 1720 1340 εἷς
1734 1307 1790 1339 τας

1116 1346 1208 1375 αὐτῶν
1230 1347 1392 1387 συμφοράς.
1408 1349 1463 1383 76,
1479 1351 1511 1379 1.
1532 1347 1676 1387 οἰγομένας
1692 1348 1788 1385 γυναῖ-

1116 1398 1169 1424 κας
1183 1389 1220 1423 εἷς
1235 1388 1368 1420 δουλείαν.
1385 1392 1406 1421 7
1409 1392 1440 1426 6,
1456 1392 1487 1421 3.
1510 1389 1558 1421 ἐπὶ
1573 1390 1629 1431 μὲν
1643 1389 1790 1431 πορθμέας

1116 1433 1182 1465 τοὺς
1195 1432 1234 1467 εἷς
1249 1434 1405 1472 Σαλαμῖνα
1419 1432 1653 1473 πορθμεύοντας.
1668 1436 1689 1464 7
1692 1436 1723 1469 6,
1736 1437 1789 1464 10.

1117 1475 1350 1517 αὐτοσχεδιάζειν
1374 1476 1413 1510 εἷς
1438 1479 1480 1506 τὰ
1502 1478 1560 1507 τῶν
1577 1475 1715 1507 Ἑλλήνων
1733 1477 1791 1508 σώ-

1117 1529 1217 1557 ματα.
1233 1520 1287 1554 76,
1304 1522 1357 1550 12.
1381 1521 1565 1550 καταστῆναι
1580 1520 1618 1554 εἷς
1632 1521 1682 1551 τὴν
1693 1521 1790 1561 ἀρχήν.

1118 1563 1172 1597 76,
1188 1564 1241 1592 22.
1263 1561 1302 1596 εἷς
1324 1561 1420 1592 αἶτίαν
1434 1561 1602 1601 εὐαγγελίων
1616 1563 1665 1592 καὶ
1683 1562 1791 1597 θυσίας

1119 1615 1168 1634 την
1182 1603 1282 1636 Βουλῆν
1291 1603 1471 1635 κατέστησε.
1486 1608 1542 1642 76,
1553 1608 1604 1637 23.
1628 1606 1792 1640 ἀναβαλλε-

1119 1645 1187 1677 σθαι
1199 1657 1237 1681 εις
1252 1646 1342 1688 καιρδν
1351 1646 1474 1678 καλλίω.
1488 1650 1603 1684 77,14.
1620 1649 1668 1680 οὐκ
1683 1648 1717 1679 ἐιῖ
1731 1649 1791 1679 εἶσ-

1120 1689 1187 1719 ιέναι
1209 1690 1247 1723 εἰς
1267 1693 1309 1721 τα
1332 1691 1482 1746 δημοτελη
1498 1691 1566 1732 ἴερα.
1590 1693 1686 1728 79,‘'
1665 1707 1697 1724 ο.
1727 1695 1792 1726 τοὺς

1119 1744 1262 1774 χρηστους
1283 1735 1322 1769 εἷς
1336 1746 1385 1765 την
1405 1733 1536 1776 ἐσχάτην
1553 1733 1678 1775 αθυμίαν
1693 1735 1791 1776 ἐμΒα·

1119 1777 1209 1806 λειτε.
1230 1778 1285 1813 79,
1301 1781 1353 1808 12.
1376 1788 1514 1807 επασκειν
1535 1789 1574 1813 εις
1595 1780 1636 1808 τα
1651 1779 1792 1810 παναθη-

1118 1830 1193 1855 ναια,
1209 1831 1223 1849 η
1237 1820 1274 1854 εις
1289 1820 1376 1851 ἄλλον
1388 1823 1453 1851 τινὰ.
1462 1823 1518 1851 τῶν
1531 1824 1708 1862 στεφανιτῶν
1717 1823 1793 1860 αγῶ-

1119 1873 1175 1892 νων.
1195 1864 1250 1898 79,
1264 1865 1316 1894 24.
1346 1875 1360 1894 η
1382 1863 1474 1905 ημέρα
1490 1863 1643 1917 διαιρειται
1667 1866 1707 1901 εἰς
1728 1864 1793 1906 τρία

1118 1905 1203 1946 μέρη,
1218 1903 1286 1936 δ’ταν
1306 1904 1377 1937 εισίη
1394 1906 1562 1948 παρανόμων
1583 1910 1676 1949 γραφῆ
1699 1908 1738 1941 εἷς
1761 1921 1794 1938 το

1119 1950 1377 1990 δικαστηριόν.82,
1396 1954 1446 1981 12
1471 1951 1612 1981 ἀπανταν
1625 1951 1664 1986 εἰς
1683 1953 1733 1983 την
1748 1951 1793 1981 τί-

1118 2003 1219 2045 μησιν.
1239 1996 1291 2028 82,
1313 1995 1367 2023 21.
1397 1993 1587 2047 παρεμβολῇ
1603 1994 1795 2048 πραγμάτων

1120 2035 1218 2075 ἑτερων
1234 2036 1273 2071 εἰς
1287 2035 1376 2067 ληθην
1387 2048 1438 2071 της
1452 2035 1620 2078 κατηγορίας
1634 2039 1713 2077 ὑμᾶς
1727 2037 1794 2070 Βού-

1120 2084 1204 2108 λεται
1218 2077 1366 2118 ἐμςαλεῖν.
1381 2082 1435 2115 83,
1449 2082 1500 2111 21.
1521 2079 1696 2111 εἰσελαύνετε
1712 2080 1795 2111 αὐτον

1121 2122 1160 2156 εἷς
1182 2123 1247 2156 τοὺς
1265 2123 1317 2152 τοῦ
1342 2123 1519 2164 πραγματος
1540 2123 1649 2178 λόγους.
1672 2126 1726 2161 83,
1741 2127 1793 2155 26.

1120 2166 1341 2218 καταφυγγάνη,
1356 2165 1488 2206 ἐπίορκος
1501 2166 1546 2202 ὢν,
1560 2166 1598 2201 εἷς
1611 2169 1661 2198 τῆν
1676 2167 1721 2197 διὰ
1732 2170 1796 2218 ετῶν

1121 2207 1202 2248 ὅρκων
1214 2206 1323 2240 πίστιν.
1339 2211 1392 2244 83,
1404 2212 1458 2240 39.
1480 2208 1668 2240 ἇποςλέπειν
1682 2210 1720 2244 εἷς
1731 2221 1795 2240 εαυ-

1121 2251 1178 2282 τόν.
1195 2255 1248 2287 84,
1269 2254 1324 2283 30.
1351 2250 1460 2292 ἔνδειξις
1480 2252 1519 2287 εις
1539 2251 1724 2294 Ἀλέξανδρον.
1742 2255 1795 2290 85,

1123 2298 1176 2326 12.
1197 2295 1351 2336 κατορθουν
1372 2295 1422 2325 και
1437 2296 1678 2336 παρακινδυνεύειν
1694 2296 1733 2330 εἷς
1746 2299 1795 2328 τῆν

1123 2337 1287 2368 πολιτείαν.
1312 2340 1367 2376 87,
1384 2341 1436 2370 14.
1461 2339 1595 2373 διάβασις
1617 2338 1796 2380 Ἀλεξάνδρου
1819 2360 1823 2366 .

1121 2381 1159 2414 εἷς
1171 2379 1281 2411 Ἀσίαν.
1295 2383 1349 2418 87,
1368 2392 1443 2422 pen.
1465 2381 1626 2422 περίπλους
1643 2382 1681 2415 εἰς
1697 2383 1796 2424 Κερκύ-

1122 2434 1178 2465 ραν.
1193 2427 1247 2460 88,
1261 2426 1313 2456 32.
1335 2425 1436 2465 φέρετε
1457 2436 1507 2456 την
1523 2424 1614 2464 ψηφον
1629 2426 1668 2460 εἷς
1682 2426 1796 2456 απολο-

1122 2466 1229 2507 γισμόν
1247 2478 1308 2501 τοις
1322 2478 1451 2508 παρουσι
1472 2470 1527 2497 τῶν
1539 2471 1682 2504 πολιτῶν,
1698 2467 1796 2509 ἐπερη-

1122 2509 1251 2549 σομένοις
1261 2509 1311 2540 δὲ
1301 2523 1379 2550 υμας
1390 2523 1420 2542 τι
1414 2509 1588 2563 ’ἐδικάζετε-
1603 2513 1656 2547 89,
1667 2514 1697 2541 8.
1712 2523 1795 2543 επαν-

1123 2553 1200 2590 ίιγειν
1221 2552 1304 2583 αὖτόν
1317 2553 1446 2584 κελεύετε
1461 2566 1509 2584 και
1525 2551 1572 2584 τᾶν
1586 2553 1665 2592 λόγον
1686 2555 1724 2589 εἰς
1744 2553 1797 2585 Cim

1123 2595 1274 2637 ἀξιόχρεων
1298 2596 1346 2626 καὶ
1369 2596 1478 2637 τρόπον
1501 2597 1637 2638 σώφρονα.
1664 2600 1717 2633 89,
1744 2601 1793 2629 18.

1124 2639 1363 2679 παρακελεύονται
1385 2641 1453 2680 ὑμῖν
1473 2638 1591 2673 Βλέπειν
1611 2639 1649 2675 εἷς
1669 2643 1710 2671 τὰ
1732 2641 1797 2671 ἑαυ-

1124 2684 1180 2711 τῶν
1199 2681 1351 2723 πρόσωπα.
1368 2685 1422 2718 89,
1439 2683 1492 2714 25.
1516 2681 1633 2714 ἐκπλεῖν
1653 2683 1736 2724 μόνος
1756 2685 1794 2717 εἷς

1126 2726 1221 2764 Σαμον
1242 2724 1412 2779 ἐγχειρησας
1431 2725 1592 2767 αὗθῆμερον
1615 2726 1669 2756 ὑπὸ
1690 2739 1742 2761 της
1763 2726 1796 2767 ἐξ

1125 2766 1212 2808 αρείου
1227 2770 1321 2806 πάγου
1344 2768 1446 2803 βουλης
1468 2769 1504 2803 ὡς
1518 2768 1652 2810 προδότης
1666 2781 1718 2804 της
1735 2780 1794 2800 πα-

1124 2809 1338 2852 τρίδοςθανατῳ
1353 2811 1511 2852 ἐζημιώθη.
1523 2815 1580 2849 89,
1595 2814 1648 2843 34.
1671 2824 1728 2846 τας
1742 2812 1794 2842 δω-

1125 2857 1186 2895 ρεας
1208 2854 1246 2888 εἰς
1267 2853 1374 2888 Βελτίω
1398 2856 1530 2895 σώματα
1544 2856 1593 2886 και
1608 2852 1814 2895 ἀξιολογωτέ-

1125 2909 1183 2937 ρους
1199 2897 1295 2939 ανδρας
1308 2897 1468 2930 απόθεσθε.
1482 2901 1536 2935 90,
1552 2901 1583 2929 4.
1606 2898 1655 2928 και
1675 2901 1719 2938 μὴ
1739 2897 1795 2937 μό-

1124 2952 1166 2971 νον
1176 2941 1235 2974 τοῖς
1250 2941 1325 2977 ὧσῖν,
1339 2943 1419 2972 ἀλλὰ.
1440 2942 1489 2972 καὶ
1504 2943 1564 2976 τοῖς
1585 2941 1717 2982 ὄμμασι,
1734 2942 1792 2971 δια-

1124 2982 1287 3022 enam-rs<
1301 2985 1338 3018 εἷς
1359 2986 1437 3024 ὑμᾶς
1455 2986 1566 3020 αὐτοὺς,
1584 2984 1796 3017 Βουλεύσασθε.

1126 3029 1180 3062 90,
1195 3030 1226 3059 5.
1253 3027 1432 3061 ἀποβλέπειν
1445 3029 1485 3064 εἷς
1495 3030 1544 3060 τήν
1556 3027 1726 3068 ἀλαζονείαν.
1744 3029 1796 3063 90,
