1916 3340
264 200 370 254 268

784 208 1203 252 ΑΙΣΧΙΝΟῪ

261 348 361 377 ΟυΤΕ
388 348 483 419 περι
514 349 589 378 ’tou
611 348 824 395 σωματθς
849 346 949 375 ΟυΤΕ
976 347 1084 392 Ἡξρι
1112 348 1191 384 7ης
1215 346 1458 390 Ε’ωἹΤίμῦας
1481 320 1725 415 α’γωνιζέί
1711 361 1726 380 ,

261 398 418 453 Amo?
459 424 558 477 περι
601 399 718 458 τίνος
751 397 872 451 ἐστὶν

913 398 928 425 ²
947 395 1072 466 αὗτῳ
1108 421 1199 460 ησ-

1120 398 1132 413 ξ

1168 395 1368 460 σπουδῆ;
1410 394 1514 472 Περι
1551 419 1728 465 χρυσων

897 514 908 534 1
923 513 1002 554 αὐτῷ’
1014 514 1051 544 Τ.
1065 515 1102 544 R.

262 610 422 640 exponam.
467 599 604 630 Maxime
622 604 736 636 autem,
751 598 893 639 quoniam
919 599 980 628 Lo-

264 654 318 674 cus
336 648 368 674 et
389 645 526 683 Tempus
549 642 754 683 opportunius
770 643 809 673 ad
825 653 891 672 eam
914 652 979 672 rem

263 687 399 718 dabitur.
445 688 580 723 Interea,
615 686 699 725 quod
733 685 772 716 ad
800 685 979 715 AEschinem

266 735 399 770 spectat,
413 741 484 760 sana
497 740 565 759 esse
577 733 683 768 potest
696 728 856 759 Sententia
868 728 982 758 Heral-

264 774 308 810 di,
325 774 378 813 qui
394 775 438 804 ita
452 773 600 812 explicat,
613 773 719 802 Annon
741 777 781 802 est
804 771 864 801 haec
886 772 981 808 Actio,

264 817 349 858 (qnae
372 823 469 847 tamen
493 826 553 846 non
576 815 652 852 Tibi,
676 825 777 845 verum
802 814 982 854 Ctesiphonti

263 862 412 890 intentata
426 858 488 899 est)
499 869 532 888 ex
546 869 650 889 earum
661 869 793 894 numero,
808 869 878 899 quas
892 870 982 899 τιμη-

262 905 318 937 τὰς
350 908 432 933 vocat
463 902 709 942 Jurisprudentia
738 901 984 932 Atheniensium.

263 947 315 976 ubi
338 957 396 976 non
411 946 539 976 additur
558 955 644 985 poena
664 945 776 985 legibus
797 945 933 985 definita,
955 949 983 974 et

264 991 363 1030 rigore
374 991 473 1030 itaque
488 999 596 1019 summo
612 989 784 1024 exercenda,
794 998 895 1018 verum
907 989 982 1027 ejus-

264 1033 356 1068 modi,
372 1042 445 1073 quas
459 1033 548 1063 Actor
569 1033 628 1072 ipse
649 1037 742 1067 taxat,
764 1031 809 1061 vel
831 1032 982 1071 ἀποτιμα-

266 1088 330 1114 ται,
345 1077 472 1116 adeoque
484 1076 515 1105 in
531 1085 566 1105 ea
580 1076 757 1105 moderanda
775 1074 901 1110 Gratiae,
919 1075 941 1105 ss
959 1076 983 1104 i-

263 1120 439 1154 seriem-diff,
453 1118 576 1159 aliisque
590 1119 762 1159 mitigandae
779 1128 870 1157 poen-ce
890 1119 982 1148 ratio-

265 1164 353 1193 nibus
366 1163 444 1193 locus
453 1172 509 1192 esse
517 1162 629 1201 potest?
654 1164 732 1192 Haec
742 1162 805 1191 sere
814 1161 982 1197 Heraldus,

266 1210 412 1247 quantum
429 1207 468 1236 ad
480 1206 608 1245 τιμητοῦ
621 1209 712 1244 atque
725 1205 869 1244 ἀτιμήτου
881 1205 984 1243 ἀγῶνος

267 1249 473 1280 differentiam
490 1249 610 1279 attinet.
654 1248 819 1278 AEschines
838 1248 982 1286 superius

269 1293 323 1328 ait,
349 1293 374 1331 ᾗ.
397 1291 455 1332 {5¹-
479 1292 512 1322 in
538 1292 702 1322 accionibus
725 1290 905 1331 παςανόμων,
924 1293 982 1331 jn-

268 1337 379 1366 dicium
394 1337 427 1365 in
444 1341 500 1365 tres
513 1340 611 1374 partes
624 1335 730 1370 dividi,
747 1344 873 1374 quarum
890 1345 982 1364 unam

267 1380 434 1409 accusatori
446 1379 525 1414 dari,
539 1389 587 1408 reo
600 1378 701 1412 aliam,
721 1383 749 1407 et
765 1378 882 1407 tertiam
900 1378 982 1407 deni-

266 1432 320 1462 que
342 1422 388 1462 (si
404 1427 501 1451 tamen
519 1422 726 1450 condemnetur
741 1420 828 1459 reus)
846 1419 883 1460 τῇ
893 1420 983 1459 τιμίι-

267 1475 323 1500 σει,
339 1465 387 1494 καὶ
404 1464 447 1504 τῷ
461 1462 585 1504 μεγέθει
605 1466 655 1498 τῆς
669 1462 747 1504 ὅργῆς
761 1465 818 1492 τῶν
831 1462 984 1493 δικαστῶν.

269 1508 346 1537 Scil.
360 1507 431 1547 quia
444 1508 603 1537 Accusans
620 1512 706 1536 taxat
716 1516 849 1546 poenam,
862 1506 984 1545 legibus

267 1561 328 1581 non
356 1550 523 1586 definitam,
551 1561 658 1580 verum
683 1549 829 1580 Judicum
855 1550 984 1580 arbitrio

268 1595 418 1624 relictam.
444 1595 631 1624 Sententiam
647 1604 732 1623 suam
747 1593 904 1623 confirmat
918 1595 984 1623 He-

269 1638 373 1667 raldus
391 1637 572 1667 auctoritate
589 1636 860 1675 Harpocrationis,
877 1636 930 1675 qui
946 1637 985 1666 ad

268 1681 349 1710 hunc
364 1681 478 1716 locum,
495 1681 534 1710 de
545 1691 604 1719 quo
618 1681 821 1719 disputamus,
831 1680 982 1719 respexit.

269 1723 438 1769 Ἀτίμητος
448 1725 533 1761 ἀγὼν,
551 1724 600 1753 καὶ
622 1723 757 1763 τιμητός.
775 1723 787 1752 o‘
808 1722 863 1762 μὲν
877 1735 985 1761 τιμη·

269 1767 339 1801 τός,
355 1765 402 1806 εφ
417 1769 437 1807 ᾧ
454 1765 576 1820 τίμημαζ
592 1766 750 1806 ὡξισμενως
769 1765 800 1796 ἐκ,
823 1768 877 1796 τῶν
898 1766 987 1805 νόμων

270 1810 318 1839 οὐκ,
331 1809 421 1845 ἐο-τιν,
436 1810 517 1841 ἀλλὰ
532 1822 597 1844 τους
612 1809 754 1843 δικαστὰς
769 1808 809 1839 ’έδε
801 1821 822 1838 -ι
837 1807 984 1848 τιμᾶσθαι

269 1866 291 1888 0,
295 1865 324 1882 'FB
340 1865 398 1906 zen!
412 1851 535 1883 WCLGETV*
525 1867 538 1883 η
555 1852 705 1883 ἀποτῖσαι.
727 1865 738 1882 0
756 1853 784 1882 ΟΞ
808 1852 988 1892 ἀτίμητος

270 1895 434 1931 τούναντίον,
464 1892 486 1935 ᾧ
516 1895 655 1935 πξόεστιν
683 1895 915 1936 (corrigendum
946 1907 985 1925 ex

269 1940 348 1969 eod.
371 1939 464 1968 MSto
486 1940 674 1978 Harpocrat.
693 1939 774 1968 Bibl
797 1939 875 1978 Reg.
898 1939 987 1969 cant.

271 1980 513 2022 OteOO'EU'TKV)
504 1993 535 2011 ΕΜ.
555 1984 610 2011 ’Τῶν
624 1980 713 2019 νόμων
726 1993 885 2021 ωρῑσμενως
898 1981 988 2022 '1¹5¹‘th-

269 2038 329 2064 μα,
346 2027 380 2059 ὡς
396 2024 483 2064 μηδὲν
498 2025 550 2054 δεῖν
564 2026 628 2058 τοὺς
642 2025 783 2057 δικαστὰς
802 2024 987 2064 διατιμῆσαι.

271 2067 409 2110 Αἰσχίνης
419 2070 498 2098 κατὰ
510 2070 720 2106 Κτησιφῶντος.
744 2068 829 2097 Bene
843 2072 902 2098 est.
926 2069 987 2098 Sed

271 2112 338 2141 sine
354 2112 446 2141 modo
459 2117 492 2141 ut
510 2113 576 2150 Ego
592 2116 623 2140 et
640 2111 797 2141 Hei-aldus
816 2112 987 2141 Auctorita-

271 2158 318 2185 tes
346 2155 539 2184 solummodo
566 2154 648 2184 inter
674 2164 729 2183 nos
757 2158 987 2193 permutemus3

270 2198 416 2236 permitte
440 2203 472 2227 ut
496 2199 564 2236 Ego
586 2198 690 2227 Suidae
711 2199 805 2227 verba
818 2198 987 2236 producam

272 2251 330 2280 pro
354 2241 392 2271 iis
416 2252 484 2281 quae
508 2241 567 2270 Ille
591 2252 629 2270 ex
654 2241 900 2279 Harpocratione
918 2252 988 2281 pro-

271 2284 375 2320 duxit,
393 2286 457 2323 jam
474 2285 668 2320 contendam,
689 2284 749 2313 alia
765 2295 891 2323 prorsus
908 2285 989 2315 obti-

271 2337 359 2364 nere3
397 2333 428 2357 et
453 2327 617 2357 lectionem
645 2327 800 2365 vulgatam
827 2328 987 2358 AEsehinis

272 2380 344 2400 esse
365 2369 526 2406 sinceram,
551 2371 689 2409 adeoque
714 2370 875 2406 sinceram,
900 2377 934 2402 ut
959 2372 987 2401 si

271 2413 361 2444 aliter
377 2414 532 2453 legeretur
545 2413 575 2442 in
592 2413 692 2443 Codd.
705 2414 743 2443 ad
756 2424 821 2443 eam
838 2425 986 2451 normam,

272 2467 334 2496 qua
362 2457 454 2486 hodie
487 2457 644 2491 scribitur,
671 2467 738 2486 esse
767 2459 985 2510 revocandam.

271 2501 321 2530 Ita
337 2500 416 2530 enim
433 2505 538 2530 noster
529 2500 827 2546 Lexicographus:
857 2499 987 2541 ἀτίμη-

270 2555 331 2578 τος
353 2544 438 2581 ἀγὼν,
462 2541 507 2583 ἔφ’
520 2540 545 2573 αἱ
563 2542 686 2582 τίμημα
708 2544 856 2582 ὡρισμένον
879 2543 911 2574 ἐκ
932 2547 987 2575 τῶν

271 2586 360 2638 νόμων
375 2587 404 2616 οὗ
419 2587 526 2622 κεῖται,
541 2586 611 2616 ἀλλ’
625 2587 647 2616 οἳ
669 2586 857 2625 δικάζοντες’
848 2590 987 2627 ετιμῶντο

273 2629 303 2658 τί
320 2629 363 2659 δεῖ
375 2629 500 2660 παθεῖν
489 2643 503 2661 η
521 2628 674 2660 &orario-aa·
694 2629 706 2659 ὅ
725 2629 752 2659 δὲ
772 2630 909 2670 τιμητο
919 2643 942 2666 ς,
965 2633 985 2671 ᾦ

274 2683 428 2712 πξοσξστίν
452 2672 518 2703 §.UD
541 2685 596 2703 Tali!
617 2683 706 2712 Υθμων
728 2672 875 2713 ὡρίσμξνθν
897 2674 986 2714 Thu-U·

273 2728 332 2755 μα.
380 2716 533 2747 Nimirum
549 2722 620 2747 sunt
642 2717 707 2746 baeo
730 2721 761 2746 et
784 2717 857 2746 talia
875 2728 986 2747 conco-

275 2759 396 2797 quenda
417 2760 454 2789 ab
480 2760 519 2790 iis
545 2761 598 2800 qui
621 2760 903 2799 Jurisprudentiam
931 2761 986 2791 At-

273 2802 366 2832 ticam
398 2804 593 2843 susceperint
623 2803 845 2833 illustrandam.
894 2804 986 2835 ΤΑΥ-

276 2855 357 2876 Lon.
951 2860 953 2862 ·

316 2887 350 2918 “0
368 2887 396 2917 δὲ
417 2889 493 2927 ἀγὼν
511 2889 561 2920 οὐκ
575 2888 735 2930 ἀτίμητος]
758 2890 800 2920 Ut
823 2889 873 2919 hic
898 2891 986 2921 locus

273 2931 370 2969 probe
385 2931 588 2972 intelligatur,
603 2933 760 2963 sciendum
782 2933 893 2973 primO,
909 2934 986 2964 duas

274 2973 370 3004 fuisse
388 2974 418 3003 in
439 2976 520 3006 Foro
544 2976 650 3006 Attico
668 2977 834 3007 Causarum
855 2977 985 3016 species.

274 3017 333 3046 Vel
349 3016 428 3047 enim
445 3019 575 3055 crimini,
593 3020 630 3050 de
646 3029 708 3060 quo
727 3020 886 3059 agebatur,
902 3027 986 3051 certa

1013 609 1105 637 poena
1120 609 1161 629 ex
1175 598 1277 637 legum
1299 597 1483 637 praescripto
1506 595 1630 626 definita
1654 599 1731 631 erat,

1015 642 1065 672 vel
1080 652 1149 671 non.
1196 642 1287 679 Quod
1313 640 1339 670 si
1355 641 1393 671 de
1414 650 1504 680 poena
1518 639 1625 671 delicti
1641 638 1729 677 leges

1014 685 1222 722 conticebant,
1251 688 1411 715 accusator
1435 693 1557 724 poenam
1584 682 1729 721 aliquam,

1015 727 1066 757 vel
1089 728 1202 767 capitis
1224 728 1271 758 vel
1291 727 1441 767 pecuniae‚
1462 726 1666 757 accusationis
1690 725 1731 755 li-

1015 771 1096 801 bello
1125 771 1302 801 adscribere
1335 772 1466 807 solebat,
1498 770 1580 809 quod
1604 767 1729 808 τίμημα

1015 812 1178 854 ἐπιγράφειν
1192 814 1308 845 dictum
1324 819 1390 844 est:
1413 824 1484 844 reus
1499 817 1606 844 contra
1617 813 1730 842 ἀντετι-

1013 858 1108 896 μᾶτο,
1121 859 1159 888 ad
1174 868 1296 897 poenam
1309 858 1385 887 hanc
1397 857 1592 887 minuendam
1605 865 1731 896 operam

1015 901 1127 930 dabat:
1153 902 1291 954 Judicum
1307 901 1441 940 denique
1456 905 1560 939 partes
1577 903 1663 929 erant
1679 899 1732 928 de-

1015 954 1141 974 cernere
1156 943 1214 981 ὃ’,τι
1228 945 1283 985 χρὴ
1296 944 1398 974 waes?
1388 956 1410 974 ν
1421 956 1434 974 η
1452 941 1603 978 ἂποτίο-αι,
1616 942 1730 992 quibus

1014 987 1114 1026 poenis
1127 991 1179 1017 aut
1192 987 1316 1017 mulctis
1331 986 1508 1017 afficiendus
1524 990 1608 1016 esset
1622 985 1664 1020 is,
1679 984 1733 1023 qui

1015 1035 1082 1060 erat
1096 1030 1266 1060 damnatus.
1355 1030 1423 1060 Jam
1436 1040 1508 1060 vero
1516 1033 1618 1059 utrum
1631 1038 1672 1057 ex
1684 1027 1734 1057 his

1011 1073 1170 1112 judiciis'
1154 1072 1299 1114 ατίμητος
1309 1074 1383 1111 ἀγὼν
1395 1073 1464 1109 fuit,
1481 1078 1583 1103 ulrum
1598 1070 1733 1112 τιμητός,

1016 1116 1182 1146 dissidium
1196 1121 1245 1147 est
1260 1116 1309 1146 vel
1330 1114 1499 1146 maximum
1520 1115 1599 1146 inter
1612 1115 1733 1145 lexico-

1016 1160 1150 1199 graphos
1166 1159 1444 1201 Harpocrationem
1460 1166 1492 1190 et
1507 1159 1642 1189 Suidam.
1672 1158 1733 1188 Ille

1015 1201 1156 1243 ἀτίμητον
1173 1208 1263 1233 vocat
1283 1213 1418 1238 causam,
1438 1213 1507 1241 quae
1527 1206 1670 1232 statutam
1688 1201 1734 1231 le-

1017 1247 1106 1286 gibus
1130 1247 1264 1277 habebat
1292 1256 1422 1286 poenam,
1443 1246 1583 1285 judicum
1605 1244 1734 1275 arbitrio

1017 1294 1049 1319 et
1070 1289 1268 1321 aestimationi
1285 1290 1460 1328 neutiquam
1476 1288 1734 1328 permittendam3

1015 1332 1066 1362 hio
1081 1337 1187 1363 contra
1202 1334 1278 1363 hanc
1294 1334 1394 1373 ipsam
1409 1342 1532 1362 causam
1545 1330 1668 1372 τιμητὸν
1682 1341 1736 1370 ap-

1016 1376 1122 1415 pellat.
1167 1377 1322 1407 Caeterum
1352 1376 1438 1406 litem
1465 1376 1566 1411 istam,
1591 1385 1680 1415 quam
1703 1375 1734 1404 in

1017 1420 1119 1448 medio
1142 1419 1268 1458 reliquit
1291 1420 1338 1449 Cl.
1357 1419 1510 1457 Taylorns
1535 1419 1665 1459 (locum,
1688 1417 1735 1447 in-

1018 1462 1095 1500 quit,
1118 1466 1150 1491 et
1174 1467 1296 1502 tempus
1313 1462 1351 1492 ad
1366 1472 1432 1492 eam
1447 1471 1513 1491 rem
1530 1460 1734 1500 opportunius

1019 1504 1180 1546 spectans)
1197 1506 1262 1536 sine
1277 1505 1376 1535 multo
1388 1505 1501 1535 sudore
1516 1509 1569 1534 aut
1580 1504 1686 1534 labore
1698 1504 1736 1534 li-

1019 1553 1068 1578 cet
1082 1548 1239 1579 dirimere.
1284 1547 1436 1579 Nimirum
1456 1547 1638 1578 seutentiam
1655 1548 1736 1578 Har-

1019 1591 1210 1631 pocrationis
1235 1602 1292 1631 pro
1321 1602 1395 1621 vera
1420 1595 1451 1621 et
1477 1594 1543 1620 rata
1566 1591 1736 1622 habendam

1019 1645 1099 1670 esse,
1121 1635 1254 1675 indeque
1279 1635 1407 1665 suidam
1428 1634 1655 1674 corrigendum,
1683 1634 1736 1674 qui

1020 1680 1114 1708 verba
1142 1678 1400 1718 Harpocrationis
1425 1677 1599 1708 festinando
1622 1678 1736 1717 permi-

1020 1721 1113 1758 scuit,
1128 1733 1166 1752 ne
1182 1722 1323 1751 dubitare
1339 1722 1460 1761 quidem
1472 1721 1598 1760 poterit,
1608 1720 1735 1760 quicun-

1020 1776 1080 1804 que
1103 1765 1152 1795 vel
1178 1765 1360 1795 auctoritate
1386 1764 1522 1794 Pollucis
1543 1769 1575 1794 et
1598 1764 1735 1805 Ulpiani,

1021 1809 1069 1838 vel
1083 1809 1215 1847 denique
1228 1808 1447 1838 Demosthenis
1462 1807 1562 1846 ipsius
1577 1808 1609 1838 in
1621 1808 1735 1838 oratio-

1021 1861 1060 1881 ne
1074 1851 1214 1881 WIidiana
1226 1855 1446 1881 commovetur.
1463 1852 1512 1881 Ita
1526 1851 1608 1881 enim
1620 1851 1736 1881 Pollux

1021 1895 1113 1924 VIII.
1126 1896 1156 1924 6.
1179 1892 1338 1934 Ἀτίμητος
1354 1892 1452 1930 δίκη,
1440 1904 1468 1923 ην
1482 1893 1531 1923 οὐκ,
1545 1893 1624 1924 ’ἑο-τιν
1639 1905 1738 1924 υποτι-

1019 1933 1186 1976 μησασθαι,
1200 1939 1280 1968 ἀλλὰ
1294 1937 1431 1967 τοσούτου
1442 1935 1663 1976 ἔπι-τετίμηται,
1677 1936 1738 1968 δ’σον

1020 1979 1260 2021 ἐπιγέγραπται.
1305 1979 1352 2010 De
1370 1990 1430 2020 qua
1452 1990 1510 2010 non
1531 1980 1617 2010 licuit
1645 1981 1737 2010 aliam

1021 2025 1239 2053 aestimationem
1253 2022 1382 2064 facere,·
1408 2023 1455 2052 sed
1478 2023 1556 2052 tanti
1576 2024 1736 2053 oestimaba-

1022 2073 1086 2102 ταν,
1099 2068 1206 2106 quanti
1222 2068 1253 2096 in
1267 2067 1379 2107 legibus
1390 2066 1535 2105 descripta
1547 2071 1598 2096 est.
1622 2066 1738 2096 Simili-

1021 2115 1067 2140 ter
1077 2110 1229 2149 Ulpianus
1241 2110 1271 2139 in
1285 2109 1439 2139 Midiana:
1463 2107 1620 2148 Ἀτίμητον
1634 2111 1738 2140 καλοῦ-

1022 2164 1076 2189 σιν,
1096 2152 1124 2183 ‘er
1147 2153 1202 2194 οὐχ
1218 2153 1230 2182 ὃ
1247 2153 1383 2186 δικαστὴς
1403 2149 1492 2192 τιμᾷ,
1516 2150 1587 2182 ἀλλ’
1601 2151 1739 2193 ἐγγέγρα-

1021 2207 1105 2226 πται
1120 2196 1180 2230 τοῖς
1201 2195 1302 2235 νόμοις.
1335 2196 1563 2226 Demosthenes
1578 2195 1610 2225 in
1630 2197 1747 2227 eadem—

1022 2240 1174 2269 oratione:
1199 2238 1268 2269 ἀλλ’
1287 2238 1329 2269 ἵνα
1351 2241 1394 2279 μῆ
1408 2236 1524 2272 Μειδίας
1547 2237 1739 2278 ἀτίμητον

1021 2282 1196 2321 ἀγωνίσηται
1211 2281 1279 2312 δέκα
1293 2284 1367 2323 μνῶν
1378 2281 1601 2322 δίκην-ἄτιμον
1614 2281 1740 2313 Ἀθηναί-

1021 2337 1056 2355 ων
1068 2324 1135 2356 εῖναι
1151 2325 1197 2356 ἕνα
1213 2326 1263 2356 δεῖ.
1290 2326 1328 2356 Et
1343 2336 1379 2356 ne
1396 2325 1510 2356 Midias
1518 2325 1649 2356 definito
1661 2326 1740 2366 legi-

1022 2370 1079 2398 bus
1095 2370 1191 2400 decem
1204 2371 1355 2400 minarum
1364 2369 1486 2409 judicio
1506 2368 1739 2408 periclitaretur,

1020 2414 1110 2443 civem
1132 2413 1336 2444 Atheniensem
1365 2410 1493 2453 infamia
1518 2417 1654 2443 notatum
1680 2422 1741 2443 esse

1020 2466 1087 2495 opor
1090 2461 1140 2486 tet.
1184 2457 1244 2495 Qui
1259 2457 1349 2496 plura
1363 2455 1434 2485 vult
1446 2452 1538 2486 adeat
1552 2455 1737 2489 Heraldurn.

1110 2501 1240 2530 Causam
1252 2504 1352 2530 autem
1364 2497 1620 2536 Ctesiphontisin
1628 2498 1671 2529 iis
1674 2499 1746 2530 sina

1021 2544 1197 2573 merandam
1214 2554 1294 2579 esse,
1315 2552 1382 2581 quae
1396 2551 1517 2582 poenam
1533 2541 1658 2580 legibus
1667 2552 1744 2572 coum

1022 2586 1160 2616 stitutam
1181 2598 1240 2617 non
1265 2586 1431 2621 habebant,
1456 2583 1542 2626 (sive
1573 2585 1634 2615 ista
1663 2586 1739 2624 ἀγὼν

1020 2629 1174 2669 ατίμητος,
1191 2630 1258 2660 sive
1273 2627 1397 2668 τιμητός
1411 2627 1542 2658 dicenda
1555 2626 1610 2668 sit)
1625 2628 1676 2658 vel
1697 2639 1737 2659 ex

1020 2682 1057 2700 eo
1071 2677 1203 2708 constat,
1226 2673 1309 2712 quod
1323 2672 1416 2702 modo
1431 2670 1514 2700 dixit
1528 2670 1695 2702 AEschiues
1711 2673 1738 2712 §-

1019 2714 1076 2754 ξς·’.
1099 2715 1261 2746 Κελεύσατε
1282 2713 1325 2746 οῧν
1345 2714 1623 2754 αὖτοὺς-ἄπαντᾷἷν
1637 2714 1676 2749 εἷς
1689 2718 1740 2748 τῆν

1019 2756 1150 2797 τίμησιν·
1163 2760 1202 2789 ad
1213 2769 1326 2798 poenam
1341 2759 1572 2789 imminuendam
1583 2759 1659 2789 vires
1671 2768 1740 2789 con-

1019 2808 1148 2833 vertere:
1170 2813 1290 2841 poenam
1315 2801 1409 2838 enim,
1432 2812 1500 2841 quae
1523 2801 1646 2841 legibus
1662 2801 1738 2832 defi-

1020 2844 1083 2874 nita
1097 2850 1128 2876 et
1143 2846 1261 2876 sancita
1276 2850 1353 2881 erat,
1368 2855 1560 2885 nequaquam
1574 2844 1664 2876 licuit
1679 2845 1737 2876 im-

1020 2894 1149 2919 mutare.
1172 2889 1292 2920 STOCK·

1061 2931 1149 2970 Ἀγὼν
1163 2931 1321 2974 ἀτίμητος]
1347 2932 1403 2963 Lis
1427 2942 1496 2972 quae
1518 2941 1578 2962 nou
1605 2930 1737 2962 aestima-

1018 2980 1068 3006 tur
1083 2986 1100 3005 a
1110 2974 1286 3015 judicibus,
1302 2986 1372 3007 oum
1384 2975 1508 3016 legibus
1520 2976 1585 3014 jam
1602 2974 1736 3006 aestima-

1018 3022 1050 3049 ta
1063 3018 1115 3051 sit.
1138 3019 1279 3051 Auem.
