1981 3322
612 385 715 439 IO.
754 384 907 439 IAC.
951 382 1261 437 REISKII

732 515 1135 567 PRAEFATIO

913 656 958 676 AD

534 746 1025 789 AESCHINEM
1079 744 1332 788 SUUM.

753 998 930 1038 Erudito
961 998 1124 1038 Lectori

860 1097 1026 1125 s.P.D.

666 1172 748 1212 10.
779 1171 905 1211 IAC.
936 1170 1216 1211 REISKE.

202 1265 440 1304 AEscmNIs
462 1265 512 1305 de
532 1266 699 1306 fortunis
718 1274 808 1318 post
823 1267 1023 1314 Wolfium,
1040 1266 1262 1306 Fabricium
1282 1271 1323 1305 et
1338 1265 1548 1318 Taylorum
1566 1261 1675 1314 quod

201 1326 394 1373 afferrem,
417 1329 469 1366 nil
489 1334 586 1368 erat,
643 1329 846 1368 Orationis
875 1329 1097 1367 AEschiueae
1129 1329 1266 1367 laudes
1288 1328 1461 1379 vitiaque
1492 1326 1585 1365 satis
1607 1338 1676 1363 co-

200 1387 310 1438 piose
337 1390 630 1442 subtiliterque,
651 1391 736 1429 illas
765 1390 1010 1442 praedicavit,
1040 1391 1128 1429 haec
1159 1390 1310 1429 notavit
1339 1391 1398 1429 M.
1428 1388 1676 1428 Christianus

201 1453 424 1493 Fridericus
446 1456 642 1503 Matthaei‚
665 1457 801 1496 libello
821 1455 1061 1502 academico,
1085 1468 1203 1506 quern
1224 1455 1263 1493 in
1285 1453 1462 1493 secundo
1482 1450 1676 1491 AEschinis

202 1516 275 1553 mei
297 1516 491 1556 volumine
511 1518 687 1558 reddam.
745 1520 932 1569 Superest
952 1518 1084 1568 itaque
1106 1518 1182 1556 hoc
1203 1530 1323 1556 unum
1351 1530 1374 1555 a
1402 1514 1676 1554 decessoribus

202 1576 447 1625 derelictum,
468 1579 506 1617 in
528 1594 607 1630 quo
627 1580 843 1631 diligentia:
866 1580 1041 1618 nonnihil
1071 1593 1167 1618 meae
1199 1579 1336 1629 reique
1359 1578 1529 1628 dignitas
1554 1583 1593 1615 et
1621 1576 1678 1614 le-

203 1644 356 1677 ctorum
375 1641 621 1692 exspectatio
641 1642 836 1692 deposcit,
854 1648 898 1680 ut
922 1643 1056 1680 harum
1077 1643 1126 1680 de
1148 1642 1402 1691 reliquiarum
1419 1639 1677 1685 editionibus,

203 1699 277 1738 hac
297 1714 382 1740 mea
404 1703 700 1750 vetustioribus,
720 1710 760 1742 et
778 1703 826 1741 de
848 1704 966 1755 hujus
992 1703 1116 1755 ipsius
1144 1716 1242 1741 meae
1263 1703 1492 1752 rationibus,
1511 1701 1618 1754 quod
1639 1701 1677 1739 iu

201 1773 280 1799 rem
302 1762 389 1812 erit,
410 1763 593 1803 brevibus
616 1777 824 1816 exponam.

813 1875 986 1920 SECT.
1018 1876 1059 1919 Ῑ.

606 1966 673 2005 De
694 1965 848 2007 Aldina
869 1968 1074 2008 AEsclcinis
1093 1967 1279 2008 editione.

258 2046 482 2085 AEschinem
502 2047 648 2097 primus
669 2048 797 2086 edidit
818 2048 943 2087 Aldus
965 2048 1184 2095 Manutius,
1210 2049 1260 2092 de
1289 2048 1412 2087 literis
1434 2048 1590 2088 Graecis
1613 2062 1676 2088 su-

204 2122 286 2160 pra,
310 2123 427 2160 quam
449 2111 541 2148 satis
561 2111 772 2161 praedicari
792 2111 933 2161 possit,
955 2113 1206 2163 promeritus,
1228 2111 1406 2150 venetiis
1427 2113 1474 2150 A.
1502 2116 1616 2151 1513.
1637 2112 1677 2149 in

204 2171 379 2222 Corpore
398 2173 611 2211 Oratorum
625 2174 873 2220 Graecorum,
896 2187 995 2225 quos
1009 2175 1124 2227 vulgo
1137 2177 1305 2213 minores
1324 2173 1522 2225 appellant
1538 2173 1590 2218 hi,
1607 2173 1677 2224 qui

204 2235 343 2285 procul
363 2234 484 2272 dubio
506 2235 718 2274 Isocratem
746 2242 866 2287 atque
887 2238 1193 2276 Demosthenem
1221 2237 1259 2275 iu
1280 2236 1495 2288 majoribus
1515 2236 1676 2282 habent,

206 2297 318 2346 quasi
348 2297 555 2348 prophetae
577 2297 752 2337 fuissent.
811 2300 903 2336 Duo
924 2304 1015 2337 sunt
1035 2300 1136 2338 illius
1156 2299 1332 2350 corporis
1351 2298 1573 2343 volumina3
1601 2298 1679 2349 pri-

206 2371 311 2396 mum
341 2359 629 2410 subscriptione
657 2360 737 2398 loci
767 2366 885 2413 atque
905 2363 1094 2414 temporis
1125 2375 1277 2409 carens,
1301 2361 1461 2413 paginas
1482 2367 1573 2403 197.
1606 2361 1676 2399 im-

205 2421 331 2472 plens,
353 2422 579 2460 AEschinem
606 2428 645 2461 et
666 2423 834 2474 Lysiam,
855 2437 1009 2463 necnon
1040 2425 1370 2471 Alcidamantem,
1401 2425 1677 2463 Antisthenem

205 2489 244 2521 et
266 2484 481 2523 Demadem
502 2485 790 2536 complectitur.
847 2487 1075 2525 Secundum
1095 2488 1283 2538 peculiari
1302 2493 1342 2526 et
1362 2487 1521 2538 proprio
1538 2501 1609 2525 suo
1634 2487 1679 2525 ti-

204 2546 287 2584 tulo
307 2552 501 2594 ornatum,
528 2553 613 2587 161.
634 2549 797 2600 paginas
816 2548 995 2600 implens,
1017 2550 1191 2600 reliquos
1212 2550 1373 2589 exhibet
1393 2556 1568 2588 oratores
1599 2549 1676 2588 hoc

205 2608 358 2660 ordine,
377 2609 640 2657 Andocidem,
661 2612 816 2658 Isaeum,
841 2612 1099 2660 Dinarchum,
1116 2613 1418 2664 Antiphontem,
1442 2612 1677 2663 Lycurgum,

207 2671 410 2722 Gorgiam,
430 2672 732 2720 Lesbonactem‚
754 2674 966 2713 Herodem.
1023 2675 1175 2713 Titulus
1194 2682 1324 2714 autem
1344 2675 1470 2726 primo
1489 2674 1678 2712 volumini

205 2733 392 2783 praefixus
423 2741 606 2774 auctores
633 2736 825 2775 ambobus
846 2737 1110 2776 voluminibus
1129 2739 1337 2777 conclusos
1358 2736 1553 2788 promittit
1581 2750 1677 2775 cun-

208 2799 308 2834 ctos.
346 2795 520 2834 Primum
536 2798 670 2836 Aldini
691 2799 868 2850 corporis
889 2800 1072 2839 volumen
1093 2800 1179 2839 haec
1196 2799 1483 2850 complectitur.
1518 2800 1559 2848 1)
1579 2812 1679 2849 pra:-

207 2853 391 2896 sationem
415 2872 483 2897 seu
504 2859 710 2910 epistolam
731 2861 827 2900 ΑΙ(Ιί
847 2861 897 2900 ad
920 2862 1172 2901 Franciscum
1195 2862 1412 2907 Faseolum,
1435 2861 1530 2911 reip.
1549 2861 1676 2898 Vene-

209 2922 260 2955 tae
291 2924 372 2958 tum
405 2921 672 2971 secretarium,
694 2923 769 2970 vel,
791 2929 833 2962 ut
864 2924 982 2964 hodie
1004 2924 1216 2975 loquimur,
1238 2924 1537 2969 cancellarium,
1559 2936 1675 2973 quem

206 2979 326 3018 fuisse
341 2981 463 3021 virum
478 2984 707 3036 sapientem,
721 2985 877 3035 fortem,
891 2986 1140 3038 amplissimae
1159 2986 1197 3025 in
1213 2999 1298 3039 rep.
1315 2985 1532 3038 dignitatis,
1547 2997 1674 3024 rerum

258 3053 363 3081 vor..
388 3054 417 3082 r.
894 3048 913 3068 ‘⁴‘
943 3049 965 3087 b
