1916 3340
359 224 443 263 :376

360 328 469 369 ἐφηβων
482 326 639 367 ἐξελθόντες
653 329 743 370 ἄνδρες
758 329 946 370 ἐγγραφῶσιν.
973 330 1019 360 Μ.

404 373 443 401 Ρ.
456 375 508 403 11.
520 383 550 403 v.
564 375 595 403 3.
610 372 767 414 Βούλομαι]
783 371 917 403 Ἐντεῦθεν
931 373 1006 403 etc.⁷
1031 375 1074 403 M.

402 415 481 445 ibid.
497 427 527 446 v.
546 417 598 447 24.
621 416 739 457 σκότος]
760 416 845 451 Αἰδὼς
862 417 916 455 γὰρ
928 415 953 445 ἐν
968 415 1072 456 ὃφθαλ-

363 458 442 497 μοῖς,
457 458 504 488 καὶ
519 459 567 498 νὺξ
582 458 777 501 ἀναίσχυντος.
802 462 838 489 Β.

404 501 482 532 ibid.
505 513 536 533 v.
560 513 631 543 pen.
657 502 761 545 ἀρχὴν]
795 504 851 532 Διά
875 503 939 536 τοὺς
965 503 1073 542 σώφρο-

360 555 419 580 νας.
441 545 478 575 Μ

401 588 479 619 ibid.
504 599 534 619 ν.
558 589 612 619 ult.
638 588 841 629 παιδαγωγῶν]
873 589 907 618 οῖ
930 588 1072 628 καλούμε-

358 641 393 660 νοι
409 630 570 671 παιδονόμοι
591 634 673 662 κατὰ
692 631 776 661 κοινοῦ
792 631 825 661 τὸ
847 631 1070 673 παρακελεύεται

359 673 545 713 ὄνομοθὲτης.
568 675 615 706 Μ.

402 719 441 747 Ρ.
461 721 509 749 12.
523 729 552 748 v.
570 721 600 748 1.
621 717 775 758 μουσείων]
1034 717 1072 747 εἷ-

359 762 422 790 πεῖν
437 760 479 790 ὅτι
495 760 677 800 ἀγαλμάτια
696 759 726 791 ’ἦν
743 760 847 800 Βόύςπερ
867 760 972 796 καίναις
988 760 1072 802 (sio)

359 802 469 843 καρίαις
483 803 509 833 ἐν
523 803 567 843 τῷ
581 802 705 845 ένδοτέρῳ
725 804 787 843 οἴκῳ
803 807 857 835 τῶν
872 803 1073 835 διδασκαλείων

358 847 407 875 καὶ
423 849 480 876 τῶν
494 850 683 887 παλαιστρῶν
698 850 815 877 Μουσῶν
834 848 882 877 καὶ
898 847 1005 887 Ἐρμῶν
1022 847 1073 877 καὶ

360 887 535 942 Ἡρακλέους.
551 889 611 920 ἐκεῖ
626 890 680 920 δέ”
668 901 725 921 εσω
739 889 874 921 ἀπέκειτο
889 889 923 920 τὸ
935 889 1042 943 ἱδωρ,“
1028 903 1071 921 ινα

359 933 403 971 μή
422 944 468 967 τις
485 932 591 975 διψηση
613 935 668 964 τῶν
690 931 812 964 παίδων,
835 933 1071 987 ωροσπριούμενοι

358 974 387 1005 δέ
410 975 501 1014 διψεῖν
521 976 601 1018 (sic)
622 977 796 1018 εἴσηρχοντο,
821 977 868 1006 καὶ
893 976 985 1007 ἐκεῖσε
1014 977 1071 1007 ἔσω

359 1020 552 1060 ἦχρηστουντο
574 1019 646 1059 μετ’
668 1020 811 1051 ἀλληλων.
833 1019 977 1050 ἐκέλευσεν
998 1018 1040 1050 οὐν
1059 1021 1071 1051 6

357 1061 514 1101 νομοθέτης
534 1064 604 1103 ’περὶ
620 1063 726 1094 τούτων
746 1063 814 1094 εῖναι
838 1062 1006 1105 ἐπιμέλειάν
1025 1075 1071 1093 τι-

354 1116 396 1135 να.
420 1107 466 1136 Μ.

400 1149 476 1179 ibid.
494 1160 523 1180 v.
540 1151 570 1179 Ξ.
592 1148 776 1191 “Ερμαίων]“
781 1151 863 1190 Εορτη
883 1151 934 1180 τοῦ
956 1149 1071 1190 Ἕρμου,

357 1191 394 1225 ὡς
408 1190 500 1233 ἐφόρου
515 1191 590 1226 ὄντος
604 1205 653 1223 του
668 1195 782 1231 ἀγῶνος.
805 1194 851 1223 M.

400 1235 476 1265 ibid.
505 1246 536 1266 v.
567 1238 598 1267 5.
635 1237 871 1277 τετταράκοντα]
910 1235 958 1275 Ἐξ
988 1235 1070 1270 ἔθους

358 1275 521 1309 Αθηναῖοι9
550 1281 629 1310 κατὰ
655 1280 742 1320 φυλην
766 1280 935 1310 πεντήκοντα
963 1277 1070 1310 παίδων

355 1321 436 1371 χορὸν
458 1321 473 1353 ὓ
496 1322 604 1362 ἀνδρῶν,
626 1323 695 1355 ὥςτε
717 1321 844 1360 γενέσθαι
868 1322 936 1353 δέκα
961 1323 1068 1364 χορούς·

356 1362 458 1396 {wasa
475 1364 502 1394 δὲ
519 1364 600 1405 (sic)
619 1365 667 1394 καὶ
689 1364 756 1395 δέκα
776 1365 875 1405 φυλαί.
897 1365 1069 1405 διαγωνίζον-

357 1419 408 1437 ται
423 1406 450 1437 δὲ
466 1408 602 1442 ἀλληλοις
617 1407 792 1449 διθυράμβῳ,
809 1410 1005 1447 φυλάττοντες
1018 1422 1068 1439 του

355 1452 538 1490 χορηγοῦντος
553 1451 669 1490 ἑκάστῳ
683 1454 770 1492 χορῶν
785 1453 825 1481 τὰ
840 1451 998 1482 ἐπιτήδεια.
1019 1452 1030 1481 6
1046 1451 1069 1482 δ

357 1492 399 1524 οὖν
414 1494 526 1529 νικήσας
541 1494 619 1534 χορὸς
628 1492 748 1534 τρίποδα
763 1495 955 1534 λαμβάνει,ὃν
971 1493 1069 1524 ἀνατί-

357 1536 429 1568 θησι
444 1538 488 1577 τᾷἰ
502 1537 634 1577 Διονύσῳ.
655 1537 785 1575 λέγονται
806 1537 835 1568 δὲ
857 1539 878 1568 οἳ
895 1538 1069 1578 διθύραμβοι

354 1592 432 1622 χοροι
454 1580 574 1616 κύκλιοι,
595 1581 644 1610 καῖ
665 1579 746 1622 χορὸς
764 1580 885 1615 κύκλιος.
906 1580 956 1611 καί
974 1592 1036 1617 πως
1056 1582 1068 1611 6

358 1623 539 1675 Δημοσθένης
552 1625 704 1663 τριάκοντα
720 1624 769 1656 ἐ’τη
784 1624 857 1665 ’έχων
868 1623 971 1663 ἐγίνετο
985 1637 1068 1667 χορη-

351 1665 413 1705 γὸς,
430 1667 531 1708 ἀπορία
545 1668 623 1699 δηλον
634 1669 763 1709 χορηγοῦ.
787 1669 857 1709 (Sic
872 1669 981 1698 omnia.
986 1668 1000 1708 )
1021 1670 1069 1699 M.

401 1711 439 1742 P.
454 1714 505 1743 13.
518 1723 546 1742 v.
565 1715 615 1742 15.
638 1710 708 1741 κατ’
722 1711 808 1742 αὐτου
824 1713 873 1741 τοῦ
886 1710 981 1752 μὲν]’
982 1712 1070 1752 Αφεις

357 1765 392 1783 το
413 1753 506 1785 λοιπον
524 1766 574 1785 του
598 1754 692 1795 νόμου,
714 1754 766 1795 ἀφ’
787 1755 888 1786 ἑαυτοῦ
908 1755 978 1795 φησι
1001 1754 1070 1785 κατ’

358 1799 447 1828 αὐτοῦ
462 1797 518 1838 μὲν
531 1798 578 1827 και
594 1800 635 1828 τὰ
652 1798 726 1837 ἑξῆς.
749 1799 796 1828 Μ.

402 1842 440 1871 Ρ.
458 1845 509 1872 14.
527 1853 558 1872 v.
573 1845 603 1871 1.
624 1840 799 1882 ἐπάναγκες]
824 1839 902 1881 Ἐξην
919 1844 974 1882 γαρ
989 1842 1070 1882 αὐτῷ

358 1884 380 1914 εἶ
395 1884 541 1920 ἢβούλετο,
562 1883 673 1924 τρέφειν
694 1885 741 1914 τὸν
762 1884 885 1926 πατέρα,
905 1888 948 1925 μή
971 1876 1068 1920 Βουλό-

357 1939 439 1969 μενον
453 1927 481 1957 δέ
497 1929 544 1958 οὐκ
558 1926 739 1967 ἧνάγκαζεν
727 1939 739 1956 ο
757 1927 853 1968 δῆμος.
878 1930 923 1958 Μ.

400 1971 476 2001 ibid.
493 1970 645 2012 ᾗβῆσαντι]
661 1971 759 2010 Ἤγουν
769 1970 957 2008 τελειωθέντι,
972 1971 1008 2005 εἶς
1021 1971 1068 2001 άν-

351 2014 419 2056 -δρας
433 2013 614 2054 ἐγγραφέντι.
637 2015 682 2044 Μ.

401 2058 477 2088 ibid.
493 2069 523 2089 v.
539 2060 569 2088 4.
591 2056 776 2098 νομιζόμενα]
801 2057 929 2089 Σπεύδειν
941 2056 1068 2099 ἀπέρχε-

356 2100 426 2132 σθαι
442 2103 498 2135 τὰς
512 2100 619 2142 ἡμέρας
633 2099 785 2131 ἐπιτελεῖν.
808 2101 854 2131 Μ.

402 2144 481 2174 ibid.
498 2156 527 2176 v.
544 2147 575 2175 6.
597 2143 700 2185 ὄνησιν]
721 2143 821 2183 ’Ἡγουν
844 2143 877 2174 τὸ
897 2142 927 2174 εὖ
941 2144 1069 2186 πάσχειν

357 2190 436 2228 παρὰ
451 2190 506 2218 τῶν
518 2187 632 2218 παίδων.
656 2189 702 2218 Μ.

399 2232 475 2261 ibid.
491 2243 521 2261 v.
537 2241 608 2271 pen.
631 2228 825 2271 θεσμοθέτας]
844 2229 879 2260 Οἱ
892 2229 1068 2270 θεσμοθέται

355 2275 436 2304 ἄλλα
450 2273 507 2314 μὲν
521 2285 630 2305 ποιουσι
649 2273 732 2317 κοινῇ,
747 2273 802 2315 ἰδίᾳ
823 2272 863 2310 δὲ,
886 2274 957 2303 πότε
974 2274 1017 2304 δεῖ
1029 2275 1068 2304 δι-

353 2317 449 2359 διάξειν
471 2319 511 2347 τὰ
532 2308 709 2358 δικαστηρια,
732 2329 781 2347 και
807 2319 863 2352 τὰς
885 2316 1069 2356 εἶσαγγελίας

356 2361 478 2399 εἰσάγειν
491 2361 530 2395 εἶς
542 2359 588 2391 τόν
603 2361 698 2400 δῆμον,
711 2372 757 2390 και
771 2362 826 2393 τὰς
840 2359 1005 2401 χειροτονίας
1018 2372 1066 2390 και

355 2407 412 2439 τοὶς
427 2404 591 2456 προσβολὰς
607 2403 686 2444 (sic)
702 2404 862 2441 εἷσάγουσι,
877 2415 925 2433 και
942 2406 999 2439 τὰς
1013 2406 1068 2435 τῶν

356 2447 524 2488 παρανόμων
537 2448 651 2488 γραφας
665 2447 713 2477 καὶ
729 2445 818 2487 ἕτερα.
847 2447 894 2476 Μ.

400 2492 439 2521 Ρ.
461 2493 513 2521 15.
536 2501 567 2520 v.
593 2490 649 2520 ult.
671 2489 705 2520 τὸ
730 2488 906 2530 ληξιαρχικδν
927 2489 1065 2531 γραμμ]

357 2535 412 2566 Τῆν
426 2532 582 2574 ἐφημερίδα
595 2532 674 2572 λέγει
691 2533 741 2564 τῆν
759 2531 906 2572 δημοσίαν,
921 2533 959 2566 εἷς
971 2533 1000 2564 ἢν
1013 2532 1066 2563 ἐνε-

394 2619 410 2641 7
433 2620 497 2651 Hic
523 2619 671 2650 recitatur
697 2618 730 2649 in
757 2620 804 2649 M.
830 2618 940 2649 iisdem
964 2619 1068 2650 verbis

356 2664 515 2699 scholium,
533 2664 614 2703 quod
633 2664 696 2702 jam
712 2663 750 2692 ad
770 2672 801 2702 p.
819 2664 894 2693 375.
911 2663 970 2692 col.
987 2667 1017 2694 Q.
1034 2673 1065 2693 v.

357 2710 409 2739 13.
434 2707 559 2748 legitur,
573 2717 591 2736 a
604 2706 708 2737 verbis
723 2704 851 2736 ἐντεῦθεν
873 2706 887 2736 ἡ
908 2705 1064 2735 κατάστα-

354 2763 403 2786 σις
414 2767 466 2780 -.

400 2793 412 2811 ⁸
435 2794 472 2823 F.
495 2793 582 2834 ὥςπερ
597 2792 775 2833 κλινισκίιρια
790 2790 816 2822 ἐν
830 2791 873 2831 ‘rofi
883 2809 935 2821 ---.

397 2837 412 2857 9
435 2836 525 2866 Circa
541 2837 619 2866 hunc
634 2836 733 2865 locum
750 2835 836 2866 deest
857 2835 980 2873 aliquod
995 2844 1063 2864 ver-

356 2881 440 2914 bum,
463 2890 490 2909 e.
507 2890 533 2909 c.
547 2877 747 2916 κατέστησαν,
768 2879 819 2909 vel
844 2878 944 2908 simile
967 2878 1063 2916 quod-

356 2923 439 2957 dam,
449 2922 514 2951 sive
525 2922 562 2951 ab
575 2922 644 2961 ipso
657 2921 782 2952 librario
797 2921 914 2952 codicis
925 2921 1063 2951 Meadia-

353 2964 399 2999 mi,
416 2965 482 2994 sive
498 2975 514 2993 a
528 2965 675 3004 Tayloro‚
692 2965 848 2996 omissum.

400 3006 425 3026 ¹⁰
446 3006 632 3041 τελέα-θέντες
646 3009 699 3038 dat
714 3019 819 3048 apogr.
835 3007 924 3047 Tay!-

398 3050 421 3070 ¹¹
446 3047 558 3081 Num
543 3061 612 3083 ησαν
628 3050 656 3084 δὲ
673 3050 715 3092 ἒξ,
730 3063 752 3084 οι
767 3052 840 3089 τους
845 3049 1060 3094 παρεκκλησιά-

1075 1936 1077 1939 “
1104 1936 1136 1954 ΕΜ,
1150 1938 1203 1961 ’Τῆς
1218 1927 1308 1968 ἀρχῆς
1322 1925 1528 1968 'Apso‘nu-y'l'vat
1542 1927 1672 1966 γίνΰνται.

739 222 1000 266 SCHOLIA
1036 222 1120 264 AD
1154 221 1454 265 AESCHINIS

1111 329 1248 367 γράφοντο
1274 330 1296 358 οῖ
1323 329 1534 364 τελεαιθέντεςιυ
1558 334 1613 363 τῶν
1635 334 1756 371 παίδων,
1786 333 1821 369 οἷς

1110 370 1171 409 ἐξῆν
1186 371 1231 402 ἥδη
1246 374 1286 403 τὰ
1299 372 1419 425 πατρῷα
1431 373 1578 413 οἰκονομεῖν
1589 375 1637 406 και
1648 379 1704 408 τῶν
1714 378 1816 418 ληξεαι

1109 414 1216 456 ἄρχειν.
1315 414 1415 455 ’Ἡγουν
1438 415 1548 448 ἐπειδὰν
1573 417 1685 456 γένηται
1708 419 1816 461 ἐννόμου

1107 457 1227 492 ἦλικίας.
1240 415 1274 490 Βτ
1293 459 1305 487 6
1320 459 1359 493 εἷς
1372 459 1406 489 τὸ
1420 459 1600 502 ληξιαρχικὸν
1617 466 1817 503 γραμματεῖον

1105 497 1270 540 ἔγγραφεις,
1283 501 1330 532 ἤδη
1344 514 1386 532 τα
1405 503 1526 544 πατρῷα
1540 505 1753 555 παρελάμβανε
1755 518 1776 537 ν.
1800 509 1814 538 ἦ

1106 542 1136 572 δε
1155 542 1273 596 πατρῴα
1288 543 1368 574 οὐσία
1382 545 1430 575 και
1446 547 1524 586 λῆξις
1537 545 1678 578 ἐκαλεῖτο.
1701 561 1771 581 ησαν
1786 549 1814 580 δέ

1107 585 1171 625 {gne
1191 585 1218 617 οἳ
1234 599 1299 622 τους
1319 587 1588 629 ἐκκλησιάζοντας11
1611 589 1749 632 ἐζημίουν,
1766 605 1815 623 και

1105 641 1172 664 τους
1181 628 1431 681 ἐκκλησιάζοντας
1442 631 1594 683 ἐξῆταζον.
1616 633 1767 675 ἐγράφοντο
1787 635 1816 666 δὲ

1105 671 1163 702 ἀπὸ
1179 672 1248 704 ἐτῶν
1262 673 1306 710 ιη’,
1316 685 1364 704 και
1376 674 1447 705 &60⁵¹
1435 687 1484 707 ετη
1496 677 1535 710 εἰς
1548 689 1613 712 τους
1627 676 1765 718 ἐφηξους
1755 678 1818 709 ετέ-

1106 721 1181 754 λουν,
1194 728 1241 746 και
1259 717 1445 757 διεφύλαττον
1443 719 1518 772 Νπερὶ
1528 721 1577 751 τῆν
1591 719 1671 751 πόλιν
1683 723 1723 752 τὰ.
1735 723 1816 762 φρού-

1106 770 1163 798 ρια.
1186 759 1245 790 ἀπὸ
1259 761 1345 791 εἴκοσι
1360 760 1414 792 δὲ’
1405 765 1473 794 ετῶν
1487 761 1655 803 ἐπολέμουν.
1681 764 1715 794 Μ

1150 803 1187 832 Ρ.
1204 805 1255 834 16.
1274 815 1304 834 ν.
1319 805 1350 835 3.
1375 805 1455 846 αὐτῷ’
1479 807 1638 848 Τιμάρχῳ]
1661 806 1715 842 Ὠς
1737 808 1769 838 av
1790 809 1814 839 εἰ

1107 843 1220 884 ἕλεγεν’
1212 845 1300 886 ὄνομα
1315 848 1366 880 τῆς
1379 849 1530 888 ἀσελγείας
1537 851 1695 902 ποιούμενος
1703 851 1815 904 Τίμαρ-

1105 899 1167 929 χον.
1190 901 1275 919 τουτο
1290 889 1319 920 δὲ
1333 902 1367 919 το
1380 903 1490 932 σχημα
1501 894 1638 923 καλειται
1654 905 1720 934 wag
1746 894 1814 926 ὑπό-

1105 942 1185 962 νοιαν.
1199 931 1269 962 ἀλλ’
1283 932 1329 964 ηδη
1340 934 1420 974 αυτῷ
1433 935 1475 975 τῷ
1489 936 1750 977 ηταιρηκότι(εἰο).
1767 939 1813 968 M.

1148 975 1225 1005 ibid.
1240 987 1270 1006 v.
1286 981 1426 1017 antepen.
1444 978 1681 1019 unwano-lavaes
1683 980 1751 1010 Αντι
1765 993 1815 1011 του

1105 1017 1179 1057 μηδὲ
1207 1017 1255 1050 ἐπι
1281 1019 1422 1073 κηρυκείαν
1450 1021 1688 1054 ἀποστελλέσθω.
1719 1035 1761 1053 νυν
1786 1025 1815 1054 οὐ

1106 1072 1167 1101 περι
1181 1064 1238 1093 τῶν
1249 1065 1329 1092 κατὰ
1352 1062 1425 1102 γένος
1445 1065 1563 1105 κηρύκων
1578 1065 1666 1104 λέγει,
1681 1065 1750 1096 άλλ
1767 1065 1815 1096 ἐπι

1105 1107 1160 1134 τῶν
1177 1104 1256 1135 κατα
1279 1105 1405 1147 πόλεμον
1428 1107 1620 1148 πεμπομένων
1643 1109 1708 1149 πρὸς
1730 1109 1814 1140 πόλε-

1105 1147 1191 1188 μον12
1210 1160 1293 1188 μετα
1307 1149 1450 1190 κηρυκείαν
1464 1151 1526 1192 περι
1541 1152 1672 1183 σπονδῶν.
1687 1164 1733 1182 και
1746 1153 1814 1194 εἴρη-

1105 1202 1155 1220 ται
1170 1191 1274 1230 μηδε
1264 1192 1312 1222 επὶ
1333 1193 1473 1231 τοιαύτην,
1491 1194 1573 1235 φησι,
1589 1195 1720 1227 διακονίαν
1736 1207 1815 1237 πεμ-

1104 1233 1229 1264 πέσθω“
1221 1237 1383 1288 ηταιρηκώς.
1409 1238 1454 1268 Μ.

1145 1277 1224 1309 ibid.
1253 1280 1318 1314 τοὺς
1343 1279 1585 1320 ωρεσέεύσαντας
1609 1283 1670 1333 κρ.]
1697 1281 1813 1314 Ἐπειδη

1103 1319 1233 1352 ἀπέθετο
1259 1324 1342 1359 μετα
1369 1323 1563 1363 Δημοσθένους
1591 1324 1741 1367 Τιμαρχος
1764 1338 1814 1357 την

1102 1362 1171 1394 κατ’
1183 1363 1319 1405 Αἰσχίνου
1330 1366 1494 1407 την(εὶο,ΐ.
1508 1366 1577 1407 τῆς)
1587 1368 1815 1408 παραπρεσβείας

1101 1408 1221 1447 γραφην.
1244 1409 1290 1438 M.

1145 1450 1223 1481 ibid.
1238 1462 1268 1481 v.
1285 1462 1357 1491 pen.
1349 1452 1625 1504 aunossavwslw]
1614 1459 1686 1495 'Aga
1698 1452 1740 1485 οὖν
1755 1457 1815 1490 τοῖς

1101 1504 1144 1531 μη
1160 1494 1335 1532 ἡταιρηκόσιν
1348 1496 1360 1524 6
1375 1495 1457 1536 νόμος
1469 1498 1652 1537 συκοφαντειν
1663 1497 1754 1536 λέγει;
1771 1500 1813 1536 οὐ,

1102 1537 1182 1567 ἄλλα
1194 1538 1280 1567 τοῦτο
1295 1536 1461 1577 λαμξάνει’
1451 1550 1484 1569 εκ
1495 1552 1545 1570 του
1559 1539 1709 1581 μείζονος’
1694 1542 1813 1572 ατόπου.

1102 1579 1125 1608 εἰ
1148 1582 1202 1620 γαρ
1224 1580 1342 1622 νόμιμόν
1364 1593 1398 1612 σε
1421 1582 1470 1612 οὐκ
1491 1583 1525 1613 ἐα
1545 1584 1693 1625 πράττειν,
1712 1586 1815 1626 πολλῷ

1102 1625 1218 1662 μᾶλλον
1231 1625 1399 1665 παράνομον.
1423 1627 1469 1656 Μ.

1146 1667 1185 1697 Ρ.
1203 1670 1254 1698 17.
1271 1679 1303 1697 v.
1316 1670 1348 1698 7.
1372 1671 1428 1698 τῶν
1452 1667 1524 1700 ἐννέα
1550 1669 1706 1712 ἀρχόντων]
1735 1670 1812 1701 Αύτη

1103 1709 1182 1763 ἀρχῆ
1198 1709 1225 1740 ἐν
1243 1709 1368 1745 Ἀθηναις
1382 1714 1471 1752 σεμνη
1486 1713 1534 1742 καὶ
1557 1715 1814 1767 στεφανοφοροῦσα.

1102 1753 1151 1782 και
1173 1766 1187 1784 η
1207 1755 1281 1796 αρχῆ
1297 1755 1514 1808 στεφανηφόρος.
1536 1767 1584 1786 και
1603 1768 1651 1786 οιον
1673 1755 1746 1788 ἐννέα
1765 1758 1814 1797 ἄρ-

1102 1807 1203 1837 χοντες
1213 1798 1348 1837 στέφανον
1360 1796 1467 1838 εφόρουν
1480 1798 1615 1841 μυρρίνης.
1636 1797 1708 1830 ἦσαν
1723 1798 1783 1829 δε”
1765 1813 1815 1841 αρ-

1102 1850 1174 1879 χων,
1189 1838 1336 1894 ςασιλευςξ
1355 1841 1552 1895 πολέμαρχος,
1567 1853 1614 1871 και
1630 1840 1812 1883 θεσμοθέται

1104 1882 1144 1921 ἕξ.
1159 1880 1233 1913 οὗτοι
1246 1882 1274 1913 δὲ
1290 1896 1312 1914 οι
1324 1882 1395 1914 ἐννέα
1407 1884 1541 1926 ἄρχοντες
1554 1887 1637 1925 μετα
1650 1884 1684 1916 τό
1696 1884 1816 1925 ἐξελθεῖν

1146 1968 1222 1999 ibid.
1238 1981 1268 2000 v.
1281 1971 1311 2000 8.
1323 1970 1501 2024 iepwcxivnvL
1499 1971 1540 2001 Οὔ
1553 1971 1640 2002 παντι
1655 1971 1814 2013 βουλομένω

1103 2011 1164 2051 ἐξην
1186 2013 1330 2053 ῖεριῖσὲαι,
1353 2014 1433 2044 αλλὰ
1457 2013 1501 2052 τῷ
1521 2013 1552 2043 ἐκ
1574 2013 1665 2053 γένους
1685 2025 1813 2055 καταγο-

1102 2054 1179 2096 μένῳ
1202 2056 1352 2096 ἱερατικοῦ.
1374 2054 1447 2086 ούτοο
1469 2055 1497 2087 δε
1517 2057 1564 2087 και
1585 2057 1618 2087 τὸ
1638 2057 1713 2099 μηδὲ
1732 2070 1814 2100 κηρυ·

1103 2098 1245 2130 κευσάτω.
1270 2100 1315 2130 Μ.

1145 2142 1220 2172 ibid.
1243 2143 1422 2185 συνδικησαι]
1447 2143 1524 2174 Ἀντι
1550 2156 1600 2176 του
1621 2146 1665 2184 μη
1686 2144 1812 2183 γενέσθαι)

1102 2185 1190 2216 αὐτοῦ
1210 2185 1292 2227 (sic)
1314 2187 1446 2226 μεγάλου
1465 2186 1639 2228 δικαστηρίου
1661 2200 1713 2223 της
1732 2189 1812 2219 ‘m

1103 2227 1179 2264 αίας,
1193 2229 1239 2260 δ’τε
1254 2230 1342 2271 δημος
1356 2231 1437 2271 (sic)
1452 2230 1568 2272 δικάζει.
1592 2233 1638 2261 Μ.

1145 2272 1221 2303 ibid.
1251 2284 1280 2303 v.
1305 2274 1361 2303 ult.
1389 2273 1423 2304 τὸ
1447 2273 1612 2316 καθάρσιον]
1642 2273 1722 2305 Ἐπει
1746 2274 1812 2310 ἔθος

1102 2328 1131 2346 ην
1144 2317 1262 2346 τοιοῦτο·
1276 2316 1426 2359 εἶσηρχετό
1441 2329 1486 2351 τις
1499 2317 1512 2347 6
1533 2318 1681 2357 λεγόμενος
1696 2316 1810 2358 13περι-

1100 2358 1237 2400 στίαρχος
1266 2360 1278 2389 6
1300 2359 1500 2400 περικαθαίρων
1520 2372 1569 2391 την
1590 2359 1740 2392 ἐκκλησίαν
1764 2361 1810 2392 δια

1097 2402 1190 2444 χοίρου
1201 2402 1421 2442 ἐπεσφαγμένου
1434 2403 1483 2433 καὶ
1498 2403 1593 2435 ἄλλων
1607 2406 1694 2434 τινῶν.
1707 2402 1754 2433 καὶ
1770 2406 1809 2434 τὰ

1099 2445 1243 2485 καθάρσια
1259 2445 1380 2479 meane*
1361 2446 1493 2494 ερριπτεν
1512 2447 1550 2481 εἷς
1567 2458 1616 2478 την
1636 2446 1809 2477 θάλασσαν.

1099 2500 1111 2517 ο
1125 2500 1172 2518 και
1188 2489 1200 2519 6
1216 2500 1330 2523 ποιητης
1349 2488 1434 2519 εἶπεν·
1449 2490 1471 2519 οἱ
1487 2487 1511 2518 δ’
1525 2489 1746 2529 απελυμάναντο
1759 2491 1808 2519 καῖ

1099 2532 1138 2565 εἷς
1159 2532 1218 2561 αλα
1244 2531 1358 2572 λύματ’
1382 2530 1509 2563 ἐξαλλον.
1532 2532 1598 2563 εἶτα
1623 2532 1773 2575 εἳσηρχετο
1795 2534 1807 2563 ὁ

1100 2616 1198 2658 ζοντας
1212 2618 1280 2659 (vei
1292 2619 1360 2654 τοὺς
1374 2618 1422 2649 οὐκ
1440 2616 1498 2658 ἐξὸν
1513 2617 1699 2659 ἐκκλησιάζ.)
1723 2625 1808 2650 erant

1100 2672 1155 2691 sex
1181 2662 1391 2700 magistratus,
1412 2661 1480 2703 (vel
1502 2661 1657 2702 honorati)
1678 2662 1729 2700 qui
1753 2673 1807 2692 eos

1098 2705 1294 2741 mulctarent,
1309 2705 1361 2744 qui
1378 2715 1466 2735 secus
1480 2709 1570 2744 atque
1585 2705 1632 2734 fas
1648 2708 1742 2741 esset,
1758 2706 1806 2735 vel

1097 2747 1207 2777 illicito
1222 2748 1324 2784 modo,
1335 2747 1474 2778 concioni
1486 2747 1682 2784 interessent,
1696 2751 1729 2777 ut
1741 2759 1804 2778 e.c.

1098 2790 1198 2830 capite
1213 2790 1333 2826 minuti,
1345 2790 1454 2830 quibus
1469 2790 1535 2820 foro
1549 2790 1744 2821 interdictum
1758 2803 1807 2821 es-

1098 2839 1155 2864 set.
1201 2834 1336 2864 Tametsi
1351 2834 1506 2864 fatendum
1525 2834 1599 2864 mihi
1620 2839 1679 2870 est,
1700 2833 1738 2863 de
1757 2834 1805 2864 his

1097 2876 1207 2907 seviris
1221 2876 1296 2906 mihi
1309 2877 1385 2907 nihil
1400 2876 1474 2907 alibi
1488 2877 1672 2907 occurrisse.

1141 2919 1166 2940 ¹²
1187 2920 1225 2950 F.
1247 2918 1411 2960 πολεμίους,
1427 2919 1478 2950 vel
1493 2919 1558 2953 τοὺς
1572 2918 1734 2960 πολεμίους.

1139 2961 1164 2983 ¹³
1194 2963 1312 3003 Apogr.
1340 2963 1428 3003 Tayl.
1459 2962 1692 3003 σεριεστίαρχος.
1741 2963 1803 2994 Sed

1095 3006 1187 3046 paulo
1202 3011 1274 3047 post
1291 3005 1443 3037 consentit
1464 3006 1640 3048 apographo
1657 3004 1807 3049 Griesba7

1093 3049 1201 3082 chiano
1217 3054 1249 3082 et
1264 3049 1450 3082 Goensiano.
