1982 3340
342 204 432 245 xxii
846 204 897 247 C.
931 203 979 246 F.
1014 202 1308 246 MATTHAEI

338 311 552 350 dolentiam
569 312 605 350 in
624 311 735 351 obitu
757 311 849 350 filiae
871 312 1065 351 criminari
1078 318 1118 351 et
1132 325 1272 364 augere
1287 311 1382 358 vult,
1398 324 1474 349 non
1492 310 1586 351 dicit
1602 324 1689 350 eum
1709 311 1804 349 ami-

338 375 434 413 sisse
455 375 587 421 filiam,
609 375 676 413 sed
705 379 772 421 τὴν
798 377 918 427 μόνην
949 377 1008 412 καὶ
1036 377 1181 426 πρώτην
1210 376 1323 413 αὐτὸν
1351 376 1493 426 πατέρα
1518 379 1805 426 προσειποῦσαν.

337 439 384 484 (κ.
405 437 570 489 Κτησιφ.
592 438 622 482 ξ.
645 436 729 484 acS‘.)
773 438 831 474 Ex
851 436 1059 474 innumeris
1079 438 1266 488 exemplis
1286 450 1413 488 pauca
1432 435 1561 487 posui.
1603 438 1680 475 Res
1701 437 1804 475 enim

338 497 388 535 ad
405 498 701 548 intelligendum
720 497 859 543 facilis,
881 504 920 536 et
940 499 993 536 ita
1013 498 1128 549 copia
1146 498 1303 537 dicendi
1318 499 1523 537 AEschines
1539 498 1653 545 valet,
1669 504 1711 536 ut
1730 497 1804 535 hac

339 559 499 610 quidem
521 560 661 598 virtute
681 560 853 610 reliquos
874 573 1008 598 omnes
1028 574 1212 611 superare
1231 561 1423 600 videatur.
1478 560 1597 598 Nunc
1614 564 1746 605 restat,
1763 565 1805 597 ut

339 621 388 659 de
406 635 534 660 rerum
552 622 667 672 copia
688 621 831 668 dicam,
849 635 936 671 quae
959 621 1090 660 existit
1107 636 1128 660 e
1149 622 1311 672 copiosa
1326 629 1641 672 argumentorum
1662 626 1805 659 tracta-

338 683 458 728 tione,
475 683 767 721 similitudinum
783 690 822 722 et
843 684 1110 735 exemplorum
1129 684 1391 730 multitudine,
1407 684 1503 722 locis
1519 683 1804 728 communibus,

336 744 644 794 digressionibus
663 752 702 783 et
721 745 958 796 interpositis
979 746 1196 784 sententiis.
1235 747 1294 784 De
1315 746 1388 783 illis
1408 745 1602 796 prioribus
1622 744 1806 784 admonui

338 805 453 852 infra,
475 805 524 845 de
555 805 716 845 infinitis
748 820 841 846 vero
875 807 1173 857 quaestionibus,
1199 807 1507 859 digressionibus
1535 814 1575 847 et
1605 807 1806 846 sententiis

339 880 442 906 nunc
462 881 668 919 exponam.

940 989 1110 1032 SECT.
1145 991 1203 1033 V.

519 1087 585 1125 De
606 1087 702 1127 locis
722 1087 996 1135 communibus,
1020 1088 1334 1142 digressionibus
1353 1094 1390 1128 et
1411 1090 1627 1128 sententiis.

391 1182 446 1220 Ut
465 1182 505 1232 ii,
526 1183 593 1232 qui
620 1183 692 1220 iter
712 1182 874 1228 faciunt,
898 1182 1095 1221 interdum
1126 1184 1306 1222 incidunt
1337 1183 1376 1221 in
1400 1184 1486 1222 loca
1507 1183 1559 1221 ob
1580 1183 1666 1222 coeli
1684 1182 1803 1222 incle-

336 1245 521 1283 mentiam
543 1245 653 1291 dura,
678 1246 775 1284 aeris
806 1245 994 1295 gravitate
1025 1246 1152 1291 noxia,
1174 1246 1390 1284 incolarum
1421 1245 1599 1283 barbaris
1630 1244 1803 1283 moribus

333 1306 414 1345 fera
442 1312 481 1345 et
512 1308 686 1354 molesta,
718 1307 887 1357 ideoque
909 1308 1037 1346 subito
1064 1322 1110 1346 ea
1134 1309 1374 1357 relinquunt,
1398 1307 1592 1345 interdum
1617 1307 1735 1345 iidem
1765 1307 1804 1345 in

332 1368 428 1406 locis
449 1369 739 1415 amoenioribus,
762 1370 862 1407 inter
883 1370 1060 1408 homines
1080 1370 1306 1408 commodos
1333 1376 1372 1408 et
1399 1383 1533 1408 suaves
1553 1370 1803 1421 moribusque

332 1430 475 1480 politos
490 1431 657 1469 libenter
678 1438 717 1469 et
739 1432 888 1470 utiliter
908 1438 1119 1478 morantur,
1141 1431 1217 1470 huc
1240 1432 1330 1469 illuc
1350 1432 1605 1470 attentionem
1620 1432 1804 1483 dirigunt,

331 1491 614 1543 digrediantur,
634 1494 809 1531 locorum
833 1493 928 1531 situs
950 1499 1206 1544 cognoscunt,
1238 1494 1391 1531 urbium
1412 1493 1580 1531 aedificia
1602 1494 1802 1540 mirantur,

329 1554 595 1603 potentiorum
626 1554 796 1592 favorem
820 1561 1017 1604 quaerunt,
1047 1555 1237 1593 amicitias
1265 1556 1526 1593 contrahunt:
1550 1556 1605 1593 ita
1631 1562 1803 1594 oratores

329 1627 610 1665 nonnunquam
633 1615 672 1653 in
693 1616 790 1653 locis
814 1616 1051 1666 quibusdam
1069 1629 1146 1654 non
1169 1616 1294 1654 minus
1315 1616 1476 1662 utiliter,
1499 1629 1615 1667 quam
1632 1617 1803 1656 libenter

326 1677 473 1715 diutius
496 1684 707 1716 versantur.
765 1678 855 1723 Sed,
888 1685 930 1716 ut
950 1692 1023 1716 nec
1050 1679 1076 1716 ii
1103 1679 1187 1724 iter,
1217 1679 1438 1729 praesertim
1468 1679 1639 1729 longum,
1669 1686 1801 1718 essent

327 1739 559 1786 consectari,
594 1740 662 1790 qui
693 1740 840 1789 ubique
871 1739 1080 1777 subsistere
1102 1741 1258 1785 vellent,
1282 1753 1355 1779 nec
1385 1753 1562 1791 magnam
1592 1741 1798 1779 utilitatem

328 1815 375 1838 ex
409 1802 716 1840 commoratione
745 1808 875 1839 essent
907 1803 1148 1852 percepturi,
1176 1802 1206 1840 si
1236 1802 1344 1848 nihil,
1375 1802 1450 1839 nisi
1472 1803 1671 1840 oculorum
1694 1804 1801 1842 volu-

327 1868 478 1913 ptatem
493 1870 735 1914 quaererent;
756 1864 809 1901 ita
829 1877 901 1901 nec
922 1870 1116 1902 oratorem
1138 1864 1252 1905 decet
1273 1871 1351 1902 tam
1371 1864 1635 1919 importunum
1656 1871 1695 1903 et
1714 1879 1800 1904 mo-

326 1925 465 1963 lestum
498 1940 595 1973 esse,
626 1931 668 1963 ut
701 1939 900 1976 nunquam
932 1925 1124 1971 discedat,
1147 1940 1217 1964 nec
1238 1927 1430 1977 voluptati
1461 1927 1612 1965 aurium
1642 1940 1800 1977 persua-

325 1987 473 2026 sionem
495 1993 533 2026 et
554 1988 753 2026 victoriam
776 1994 1031 2039 postponere.
1071 1989 1171 2032 Quae
1193 2002 1283 2026 vero
1305 1995 1395 2027 sunt
1410 2002 1456 2026 ea
1475 1990 1577 2035 loca,
1599 1990 1637 2027 in
1654 1990 1797 2039 quibus

325 2056 519 2089 oratorem
541 2051 681 2088 morari
702 2056 769 2089 aut
789 2051 941 2101 digredi
963 2050 1176 2088 convenit?
1205 2051 1261 2089 Ea
1281 2051 1476 2097 nimirum,
1491 2051 1529 2088 in
1544 2051 1686 2101 quibus
1707 2065 1797 2090 cum

326 2126 454 2151 causae
477 2114 645 2152 utilitate
666 2119 706 2152 et
722 2113 986 2151 delectatione
1003 2113 1225 2151 auditorum
1246 2127 1269 2151 a
1288 2126 1327 2151 re
1348 2113 1565 2164 proposita,
1581 2127 1603 2151 a
1618 2114 1797 2164 personis

325 2182 364 2214 et
384 2177 497 2215 factis
525 2177 684 2227 singulis
714 2176 763 2214 ad
795 2175 1055 2226 quaestionem
1086 2175 1289 2222 infinitam,
1310 2176 1359 2213 ab
1381 2176 1536 2214 homine
1557 2176 1739 2214 modesto
1758 2181 1798 2214 et

325 2238 416 2276 forti
436 2252 597 2277 avocare
618 2245 749 2290 potest
770 2239 985 2276 orationem
1007 2238 1056 2276 ad
1078 2238 1231 2277 laudem
1253 2244 1293 2276 et
1322 2244 1498 2276 naturam
1527 2238 1730 2276 modestiae
1758 2243 1798 2276 et

325 2300 578 2339 fortitudinis.
636 2301 683 2339 Id
715 2300 926 2338 AEschines
961 2301 998 2338 in
1033 2301 1215 2338 omnibus
1249 2299 1493 2338 orationibus
1528 2299 1582 2336 ita
1614 2299 1723 2346 fecit,
1754 2304 1798 2338 ut

325 2363 453 2413 copia,
483 2364 685 2410 varietate,
719 2363 901 2408 utilitate,
926 2363 1115 2401 suavitate
1144 2368 1183 2400 et
1207 2368 1344 2400 ornatu
1376 2361 1680 2399 clarissimorum
1709 2374 1797 2400 ora-

326 2431 455 2463 torum
476 2426 609 2463 laudes
630 2424 868 2463 labefactare
888 2425 1082 2463 videatur.
1130 2425 1304 2462 Omnino
1326 2424 1428 2462 enim
1449 2423 1512 2461 hic
1533 2429 1665 2462 orator
1680 2425 1796 2475 copia

326 2495 365 2528 et
384 2488 626 2527 abundantia
646 2494 685 2526 et
704 2488 958 2538 amplitudine
982 2488 1168 2526 orationis
1190 2488 1291 2525 inter
1311 2500 1443 2524 omnes
1473 2487 1602 2524 clarus
1622 2493 1662 2524 et
1683 2493 1795 2525 nota-

326 2552 412 2590 bilis
440 2551 574 2589 haberi
601 2551 732 2589 debet.
791 2551 835 2587 In
857 2550 957 2587 lianc
978 2563 1057 2588 rem
1079 2550 1227 2588 laudari
1248 2555 1409 2600 possunt
1429 2549 1517 2587 loca
1536 2549 1585 2587 de
1603 2549 1794 2598 majorum

326 2615 364 2652 in
389 2613 606 2652 tribuendis
632 2612 856 2651 muneribus
886 2612 1054 2662 publicis
1075 2611 1311 2662 frugalitate,
1334 2612 1381 2661 (κ.
1400 2612 1564 2663 Κτησιφ.
1585 2617 1614 2660 ξ.
1636 2609 1723 2658 vs'.)
1743 2610 1793 2648 de

325 2676 537 2715 eorundem
560 2677 763 2714 severitate
784 2674 823 2711 in
839 2675 1067 2725 judicandis
1089 2680 1254 2726 γραφαῖς
1273 2675 1519 2724 παρανόμων,
1538 2672 1651 2721 (ibid.
1668 2673 1695 2713 ᾗ.
1717 2672 1796 2722 ξδ’.)

327 2738 377 2777 de
406 2739 561 2777 homine
588 2738 782 2789 populari,
803 2739 915 2786 (ibid.
936 2746 968 2789 {-
992 2737 1072 2784 113‘.)
1092 2737 1141 2774 de
1171 2735 1353 2785 utili-tate,
1383 2748 1499 2786 quam
1518 2734 1683 2785 juvenes
1704 2747 1793 2785 per-

326 2801 477 2852 cipiunt
505 2814 525 2838 e
553 2801 716 2850 judiciis
736 2801 916 2851 publicis,
938 2799 1049 2851 (ibid.
1070 2804 1099 2848 §.
1121 2799 1202 2846 411¹.)
1223 2798 1271 2836 de
1293 2797 1514 2836 hominibus
1535 2796 1721 2847 improbis
1752 2796 1792 2834 in

326 2862 531 2913 republica
552 2876 628 2900 non
647 2862 830 2909 ferendis,
846 2861 959 2912 (ibid.
977 2863 1006 2907 ξ.
1027 2862 1108 2912 μγ’.
1129 2861 1213 2909 fin.)
1233 2860 1281 2898 de
1302 2859 1496 2898 modestia
1510 2864 1683 2898 veterum
1704 2872 1791 2897 ora-

326 2931 468 2969 torum,
485 2925 532 2975 (κ.
552 2924 723 2976 Τιμάρχ.
741 2933 771 2976 ξ.
792 2925 835 2963 ς’.
853 2923 971 2972 med.)
984 2923 1033 2961 de
1050 2923 1161 2961 famae
1177 2922 1227 2970 vi,
1247 2922 1358 2971 (ibid.
1373 2930 1404 2973 ξ,
1419 2922 1482 2965 κζ’.
1501 2920 1620 2970 med.)
1635 2921 1684 2959 de
1698 2934 1791 2959 con·

327 2986 533 3024 suetudine
563 2987 767 3025 Harmodii
797 2993 836 3025 et
856 2985 1149 3036 Aristogitonis,
1171 2983 1284 3033 (ibid.
1312 2982 1342 3027 ξ.
1367 2986 1421 3030 κὴ.
1443 2982 1532 3032 fin.)
1551 2983 1600 3022 de
1623 2981 1792 3021 amicitia
