1916 3340
238 190 294 231 68

663 175 860 221 INDEX
899 166 1280 216 GRAECITATIS

287 293 382 326 nimia
405 288 603 322 multitudine
622 287 783 319 verborum
804 283 960 316 inutiiium
994 276 1138 309 πιστεύειν
1152 276 1196 316 τῷ
1211 272 1275 315 βίῳ,
1288 273 1360 305 vitae
1376 281 1395 303 a
1407 280 1440 301 se
1453 273 1530 300 aetae
1545 264 1709 298 sanctimo-

287 344 320 369 et
335 347 354 367 a
369 346 463 367 causa
479 335 649 365 alienorum
664 339 800 365 onerare,
820 328 963 360 obruere,

289 381 464 422 opprimere
477 377 611 419 judices,
628 380 660 406 et
674 384 727 405 eos
743 372 831 413 quasi
851 369 963 399 vallare

290 426 379 455 turba
391 423 526 464 quadarn
539 419 709 452 incondita,
724 426 816 456 quam
829 422 964 454 perrum-

293 478 378 508 pere,
403 472 434 496 et
454 476 471 495 e
494 474 554 505 qua
578 461 704 493 eluctari
725 460 890 498 nequeant.
912 455 966 489 83,

293 512 347 541 25.
369 508 426 540 δ’σοι
442 507 508 548 ξένοι
530 505 719 548 περιέστησαν
737 504 786 532 τὴν
806 497 967 530 ἐκκλησίαν.

296 555 350 589 85,
367 563 439 594 pen.

252 598 453 639 περιμάχητος
468 593 497 633 ἐξ
514 592 610 634 ἐ’ραᾶτος
622 588 758 629 γίνεσθαι.
774 588 827 623 19,
839 587 870 616 4.
887 582 968 615 σπά-

297 652 346 670 νιον
360 639 408 670 καὶ
423 637 633 678 περιμάχητον.
648 635 703 669 79,
719 634 771 662 26.

254 683 395 724 ωῖριορᾷν,
415 680 472 718 δ’,τι
497 679 697 720 συμβήσεται,
722 671 970 713 circumspicere,

298 731 490 767 exspectare,
512 721 660 764 opperiri,
681 718 757 761 quid
781 717 821 747 sit
843 719 971 746 eventu-

296 780 374 800 rum.
389 771 442 805 38,
458 770 511 798 29.

254 809 505 853 περιπεταννύναι]
528 806 675 849 φοινικίδας
690 801 897 845 περιεπέτασε.
918 802 971 834 64,

298 860 350 888 27.

255 898 435 940 περιπίπτειν
458 893 606 936 συμφορςῒ.
621 895 674 929 18,
694 895 724 921 1.
746 884 898 929 λοιδορίαις.
921 887 973 920 23,

299 945 354 973 37.
376 938 482 981 μετρίῳ
498 938 663 979 τιμήματι.
682 937 736 970 24,
750 933 805 964 uit.
828 931 888 965 τοῖς
911 928 975 959 ἑαυ-

298 987 349 1016 τοῦ
365 984 466 1022 λόγοις.
478 985 532 1017 47,
545 983 597 1012 13.

257 1028 446 1070 περιπλέκειν,
462 1036 516 1066 per
533 1025 677 1065 ambages
691 1020 788 1062 loqui,
803 1023 850 1053 ut,
867 1017 892 1047 si
912 1025 975 1046 rem

302 1079 423 1112 turpem
451 1074 504 1099 aut
533 1068 685 1102 odiosam,
709 1063 883 1103 significare
907 1069 976 1089 cum

301 1116 390 1150 velis,
414 1114 484 1154 ipso
508 1117 610 1142 tamen
633 1108 758 1151 proprio
779 1104 905 1136 nomine
925 1112 978 1142 ap-

301 1159 418 1200 pellare
436 1161 563 1186 metuas.
579 1152 755 1193 περιπλέκειν
765 1148 828 1179 δ’λην
842 1149 891 1178 τὴν
906 1143 977 1185 ἦμέ-

300 1214 348 1242 ραν
361 1201 524 1239 δυνήσομαι.
541 1200 572 1233 8,
588 1199 640 1227 15.

263 1245 414 1286 περίπλους
430 1244 467 1276 εἷς
479 1240 623 1282 Κερκύραν.
637 1241 691 1274 88,
704 1239 756 1267 32.

262 1289 423 1329 περιποιεῖν,
441 1294 606 1316 reservare.
623 1285 676 1317 16,
692 1283 723 1311 5.
739 1275 904 1310 δυναστείας
916 1274 979 1304 ἑαυ-

305 1333 365 1364 τοῖς
379 1330 594 1370 περιποιοῦντες.
615 1327 668 1360 54,
684 1326 735 1354 12.
759 1318 900 1361 τυραννίδα
916 1318 981 1348 ἑαυ-

306 1375 350 1412 τᾷἷ
363 1372 499 1412 ἐξαίρετον
510 1368 749 1409 «περιποιούμενος.
765 1367 819 1399 66,
830 1366 882 1393 22.
907 1372 981 1401 περι-

306 1416 467 1450 ποιεῖσθαι,
483 1415 583 1444 facere
602 1411 658 1441 sibi
676 1409 837 1448 reIIquum.
856 1407 911 1439 78,
928 1405 981 1433 29.

305 1459 492 1501 περιποιεῖται
514 1455 592 1497 (sibi
612 1454 708 1483 habet
730 1451 779 1480 vei
800 1453 898 1480 servat
914 1446 983 1476 reli-

304 1502 419 1545 quum)
435 1499 504 1530 αὐτὸ
519 1498 599 1539 μόνον
610 1497 734 1536 τοῦνομα
746 1495 797 1527 τῆς
812 1488 986 1531 δημοκρατί-

305 1559 350 1583 ας,
367 1546 400 1576 τὸ
417 1544 438 1575 δ’
454 1543 525 1585 ἔργον
544 1541 644 1582 ἑτέροις
664 1537 908 1579 παρακεχώρηκεν.
930 1536 984 1569 89,

309 1592 363 1621 29.

265 1631 414 1674 περίπολος
428 1634 479 1666 τῆς
489 1630 586 1674 χώρας
597 1627 706 1661 ταύτης
721 1622 850 1664 ἐγενόμην
865 1620 909 1652 δύο
924 1619 984 1651 ἐ’τη.

309 1679 362 1712 50,
377 1679 432 1707 3¹2.

266 1718 487 1762 περιρραντήρια]
511 1714 580 1757 μηδ’
595 1713 669 1748 ἔντος
683 1713 739 1743 τῶν
753 1712 805 1744 τῆς
820 1709 922 1748 ἀγορᾶς
937 1717 988 1737 πε-

311 1760 491 1804 ριρραντηρίων
506 1757 688 1800 «πορευέσθω.
705 1759 737 1790 4,
751 1756 782 1784 2.
805 1751 988 1792 περιρραντη-

312 1807 370 1847 ρίουν
384 1806 436 1845 ἔξω
450 1807 500 1838 τῆς
515 1804 616 1841 ἀγορᾶς
632 1798 755 1840 ἐξείργει.
771 1799 825 1831 79,
838 1798 869 1825 2.

269 1848 459 1891 ’τι-περιτιθέναι]
484 1847 614 1885 περιελὼν
634 1844 720 1872 αὑτοῦ
736 1842 784 1871 τὴν
800 1839 891 1879 τύχην
906 1835 989 1876 ἑτέρῳ

313 1891 442 1932 περιθείη.
457 1894 510 1925 34,
522 1891 574 1919 39.
591 1883 747 1926 «περιτιθεὶς
762 1882 795 1912 τὸ
810 1881 928 1921 ἀξίωμα
939 1882 990 1912 τῆς

312 1936 428 1968 πτόλεως
444 1930 628 1972 Δημοσθένει.
648 1931 702 1964 87,
719 1930 772 1957 40.

269 1978 402 2019 περιττὸς
413 1977 438 2007 ἐν
452 1977 512 2010 τοῖς
527 1974 617 2012 λόγοις
633 1968 829 2011 Δημοσθένης.
846 1968 900 2003 16,
914 1968 966 1996 41.

270 2020 500 2062 περιτυγχάνειν]
525 2017 569 2051 τίς
585 2016 612 2045 οὐ
628 2016 686 2048 τοῖς
701 2013 808 2043 τούτων
823 2011 928 2050 κώμοις
943 2008 991 2037 καὶ

311 2065 459 2105 μοιχείαις
473 2060 643 2101 περιτυχών.
660 2061 691 2093 9,
708 2054 828 2097 penult.

270 2107 436 2150 περιφέρειν]
460 2104 571 2136 ἐπειδὰν
591 2101 624 2131 τὸ
645 2099 791 2141 καθάρσιον
813 2093 993 2138 περιενεχθῇ.

316 2156 347 2187 4,
364 2155 414 2181 10.

271 2194 476 2236 περιχαρακοῦν
491 2194 532 2222 τὰ,
547 2188 645 2230 τείχη.
661 2189 715 2223 87,
731 2188 785 2217 30.

272 2237 366 2277 πηγῆ]
391 2239 487 2275 πηγὰς
501 2234 589 2272 λόγων
609 2230 747 2271 ἀφθόνους
761 2228 836 2270 ἔχειν
851 2222 994 2265 ἐπηγγέλ-

317 2288 395 2311 λετο.
409 2283 464 2315 31,
477 2281 508 2310 3.

272 2324 384 2365 πήληξ]
408 2323 420 2353 ὃ
433 2321 540 2360 πήληξ,
555 2327 727 2360 cognomen
743 2313 875 2355 alicujus
887 2309 996 2341 Alexi-

318 2367 421 2397 machi
437 2377 455 2396 a
471 2366 564 2395 demo
578 2363 766 2394 desumtum,
781 2360 835 2392 39,
851 2359 904 2386 11.

272 2410 376 2450 πῆμα]
395 2407 526 2450 οὐρανόθεν
540 2404 610 2447 μέγ’
626 2403 761 2441 ὲωήγαγε
777 2403 866 2440 πῆμα
881 2396 997 2440 Κρονίων.

318 2456 374 2490 73,
389 2455 420 2484 5.

274 2496 382 2538 πικρὸς]
407 2493 586 2535 πικρότατος
609 2491 721 2521 πάντων
742 2485 844 2528 χρόνος.
869 2486 921 2520 68,
943 2486 996 2514 32.

319 2539 412 2580 πικρῦν
424 2539 623 2578 σύγγραμμα.
639 2536 694 2568 71,
711 2535 763 2562 50.
787 2527 875 2569 πικρὰ
888 2527 934 2557 καὶ
947 2536 998 2556 πε-

319 2583 410 2623 ρίεργα
427 2581 566 2620 ὀνόματα.
583 2579 638 2612 86,
655 2579 707 2607 27.

275 2626 395 2667 πικρῶς]
419 2622 576 2663 ἐπεξελθεῖν
603 2620 724 2650 ἕκαστον
744 2614 811 2647 κατ’
834 2613 921 2653 ὄνομα
951 2623 999 2643 πι-

319 2672 399 2710 κρῶς.
415 2671 468 2704 22,
485 2670 538 2697 40.

278 2713 449 2754 πιπράσκειν
464 2709 497 2740 τὸ
513 2711 604 2749 σῶμα
619 2705 664 2746 ἐφ’
676 2704 763 2745 ὕβρει,
784 2711 846 2743 quo
863 2699 999 2730 dedeco-

323 2762 417 2786 retur.
437 2758 469 2790 5,
486 2756 518 2784 5.
540 2751 615 2791 ὕβριν
633 2750 686 2780 τοῦ
708 2748 847 2787 σώματος
871 2753 999 2782 ωετσρα-

323 2801 389 2834 κὼς,
405 2799 455 2839 (id
472 2801 519 2827 est
533 2795 566 2825 τὸ
583 2796 673 2832 σῶμα
688 2790 755 2831 πρὸς
766 2786 855 2828 ὕβριν)
865 2786 918 2827 qui
933 2795 1000 2816 cor-

324 2853 383 2883 pus
399 2842 466 2882 ipse
484 2850 570 2870 suum
589 2835 743 2869 vendidit,
767 2842 829 2874 quo
845 2830 873 2860 ei
889 2829 999 2859 illude-

323 2890 414 2914 retur.
431 2886 484 2918 26,
501 2885 554 2912 41.
579 2889 746 2919 ’τσεπρανται
760 2877 781 2906 οἳ
793 2875 887 2914 καιροί.
905 2874 999 2907 67,7.

282 2926 422 2967 πίπτειν]
447 2929 502 2956 τῶν
516 2926 621 2966 τειχῶν
642 2921 703 2953 {awti
718 2923 773 2950 τῶν
789 2916 932 2958 ἔαρβαρων
948 2926 1000 2945 πε-

324 2970 490 3001 πτωκότων.
513 2970 568 3003 51,
582 2970 631 2996 11.
656 2965 695 3000 εἷς
717 2962 807 3003 μέσον
831 2959 934 2990 πίπτει
949 2960 1000 2992 τῆς

324 3011 453 3046 Θηβαίων
469 3011 580 3052 ἔχθρας
596 3007 643 3040 καὶ
661 3006 815 3039 Φιλίππου.
831 3005 884 3039 66,
901 3004 953 3032 27.

1037 321 1091 350 nia
1104 321 1213 351 fidere.
1231 321 1283 354 17,
1300 319 1353 348 21.
1380 311 1522 346 πιστεύειν
1536 309 1578 348 τῷ
1593 306 1643 346 βίῳ
1657 308 1712 336 τῶν

1039 363 1195 405 κρινομένων
1208 363 1332 403 μᾶλλον,
1345 358 1359 390 ἢ
1376 358 1442 390 ταῖς
1453 356 1532 395 παρα
1541 355 1596 382 τῶν
1611 348 1714 391 ἐχθρῶν

1040 406 1226 447 κατηγορίαις.
1248 406 1301 439 28,
1324 405 1378 433 23.
1401 399 1429 430 οὗ
1451 397 1549 428 δίκαιον
1571 393 1714 433 ἡγούμενοι

1041 452 1090 481 ’τὴν
1106 450 1181 490 ὀργὴν
1196 443 1439 488 ἀπομνημονεύειν
1454 441 1479 472 έν
1498 439 1542 479 τᾷἱ
1556 433 1716 468 πιστευθῆ-

1042 504 1097 529 ναι,
1111 504 1182 533 erga
1193 502 1257 527 eos,
1270 491 1324 532 qui
1336 488 1425 519 vobis
1437 496 1470 516 se
1484 491 1598 522 suaque
1612 476 1715 509 omnia

1044 536 1248 568 credidissent
1262 538 1349 565 certa
1364 535 1473 561 vestrae
1489 535 1561 567 erga
1584 533 1617 553 se
1641 519 1716 551 fidei

1048 580 1174 611 fiducia.
1188 580 1242 614 66,
1259 581 1289 607 1.

1003 624 1118 665 πίστις]
1133 622 1223 653 εἷ’λετο
1235 623 1284 652 τὴν
1297 619 1346 650 τοῦ
1363 615 1516 648 τεθνεῶτος
1528 608 1625 642 πίστιν
1636 607 1719 646 μᾶλ-

1047 675 1103 702 λον,
1126 665 1140 696 ἢ
1156 667 1204 696 τὴν
1219 663 1368 705 σωτηρίαν,
1385 658 1519 690 malebat
1532 654 1625 684 fidem
1643 648 1719 679 ami-

1047 721 1085 741 co
1106 710 1208 740 datam
1224 712 1334 739 sartam
1348 708 1462 735 tectam
1478 706 1611 731 servare,
1629 702 1720 734 quam

1001 772 1004 775 ·
1048 754 1153 784 vivere
1166 752 1195 782 ei
1208 756 1374 790 superstes.
1389 748 1444 780 20,
1461 745 1512 774 “24-
1527 735 1721 787 κατα-φυγγόξ·

1049 808 1087 839 νῃ,
1104 794 1226 836 ἐπίορκος
1242 794 1288 830 ὢν,
1303 792 1340 826 εἷς
1359 791 1408 821 τὴν
1427 789 1472 819 διὰ
1495 784 1551 816 τῶν
1570 781 1650 823 δ’ρκοον
1673 788 1723 808 πι-

1049 851 1124 870 στιν.
1143 841 1197 875 83,
1213 839 1266 869 39.

1007 881 1135 922 wia-734]
1157 880 1212 921 δ’τῳ
1227 882 1268 911 τὰ
1282 877 1416 919 μέγιστα
1430 875 1486 905 τῶν
1499 870 1625 910 αἰσχρῶν
1638 863 1726 897 οὕτως

1051 926 1117 957 ἐστὶ
1136 925 1247 960 πιστὰ,
1264 923 1304 952 de
1319 931 1381 962 quo
1401 915 1577 958 turpissima
1594 916 1727 952 quaeque

1052 974 1141 1000 tanta
1154 978 1223 998 cum
1247 965 1363 996 fiducia
1384 962 1554 994 creduntur
1569 960 1600 986 et
1614 951 1726 994 praedi-

1052 1018 1173 1044 cantur.
1189 1013 1243 1045 61,
1258 1013 1311 1039 11.

1011 1054 1191 1095 πλανᾶσθαι]
1222 1051 1345 1090 ἀψευδής
1372 1060 1416 1083 τις
1448 1043 1505 1076 ἀπὸ
1536 1038 1727 1079 ταῦτομιίιτου

1054 1100 1203 1131 πλανᾶται
1215 1096 1297 1136 φήμη
1310 1094 1389 1124 κατα
1403 1093 1451 1122 την
1466 1087 1557 1120 πόλιν.
1569 1086 1622 1120 18,
1637 1084 1669 1112 7.

1013 1140 1171 1180 πλάττειν]
1195 1138 1304 1180 ἐναργὲς
1319 1136 1366 1166 καὶ
1390 1135 1419 1165 οὗ
1442 1126 1656 1168 πεπλασμένον.
1673 1125 1728 1158 18,

1057 1187 1087 1217 9.
1110 1185 1247 1224 ’πρᾶγμα
1263 1181 1351 1219 λέγων
1371 1172 1585 1215 πεπλασμένον.
1607 1171 1661 1206 30,
1676 1169 1733 1198 40.

1057 1224 1246 1259 πλάττεσθαί
1261 1237 1290 1255 τι
1303 1223 1351 1254 ἐπί
1364 1231 1436 1251 τινα.
1455 1220 1508 1254 47,
1524 1218 1578 1247 34.

1014 1272 1111 1312 πλεῖν]
1135 1268 1190 1300 ἐπ’
1204 1268 1347 1309 ὀνομάτων
1369 1265 1414 1294 διὰ.
1429 1264 1480 1296 τῆς
1496 1254 1643 1292 πολιτείας

1058 1326 1134 1344 οντα.
1152 1316 1205 1348 89,
1219 1316 1272 1342 41.

1015 1357 1170 1397 πλεῖστος]
1194 1354 1219 1385 ἐν
1243 1352 1368 1393 πλείστῃ
1393 1347 1540 1382 ποιεῖσθαι
1564 1339 1681 1381 ὑποψίᾳ.
1701 1341 1733 1375 2,

1060 1403 1112 1431 19.
1128 1402 1192 1432 τοῦς
1206 1398 1281 1430 ἃλας
1296 1397 1347 1430 τῆς
1362 1393 1470 1425 πόλεως
1481 1389 1528 1420 καὶ
1541 1389 1589 1418 τῆν
1599 1381 1736 1424 δημοσίαν

1058 1441 1205 1483 τράπεζαν
1219 1440 1280 1480 περὶ
1294 1435 1434 1469 πλείστου
1443 1431 1601 1465 ποιεῖσθαι.
1617 1431 1669 1463 31,
1682 1428 1736 1456 14.

1061 1485 1203 1525 διατριβὴν
1225 1481 1363 1514 πλείστην
1389 1478 1551 1510 ἐποιήσατο
1584 1471 1648 1513 πρὸς
1673 1470 1737 1501 τοὺς

1060 1529 1145 1570 ἐμοὺς
1169 1527 1275 1566 λόγους.
1291 1527 1343 1560 33,
1360 1524 1412 1555 15.
1434 1517 1631 1560 διαμαρτάνειν
1646 1512 1738 1544 ωλεῖ·

1061 1583 1129 1603 στον
1143 1573 1193 1601 τοῦ
1206 1569 1319 1611 τρόπου.
1333 1569 1387 1602 49,
1397 1567 1427 1597 5.
1440 1563 1597 1605 ἀπέχοντες
1612 1556 1645 1588 τὸ
1656 1557 1741 1587 πλεῖ-

1063 1627 1132 1647 στον
1143 1615 1202 1648 τοῖς
1217 1614 1313 1653 ἔργοις.
1330 1613 1384 1645 89,
1403 1611 1454 1638 14.

1021 1659 1137 1700 πλείων]
1162 1657 1284 1687 ἀπόδοτε
1298 1656 1347 1685 τὴν
1363 1652 1453 1692 ψῆφον
1465 1649 1507 1690 τῷ
1522 1644 1626 1679 πλείονι
1642 1641 1738 1684 χρόνῳ.

1066 1705 1117 1739 13,
1138 1703 1191 1732 23.
1216 1699 1285 1739 weg}
1307 1696 1428 1729 πλείονος
1447 1696 1497 1724 τῆν
1519 1691 1621 1722 τούτου
1644 1683 1740 1726 φιλίαν

1065 1744 1214 1777 ποιεῖσθαι
1238 1745 1288 1776 τῆς
1315 1738 1418 1771 ἐκείνων
1438 1733 1588 1776 σωτηρίας.
1608 1734 1662 1766 48,
1688 1730 1739 1758 29.

1065 1790 1181 1830 τροπὰς
1201 1784 1379 1826 τραπόμενος
1404 1780 1516 1814 πλείους
1542 1778 1591 1808 τοῦ
1621 1771 1744 1814 εὖρίπου.

1068 1835 1121 1868 66,
1145 1833 1198 1862 27.
1228 1827 1347 1868 ἔφησθα
1370 1825 1434 1859 τοὺς
1457 1825 1508 1857 τῆς
1530 1820 1645 1852 «πόλεως
1669 1815 1744 1849 ἅλας

1066 1876 1127 1914 περὶ
1145 1872 1267 1907 πλείονος
1281 1868 1430 1901 ποιεῖσθαι
1450 1868 1501 1900 τῆς
1516 1864 1620 1904 ξενικῆς
1635 1857 1743 1900 τραπέ-

1068 1918 1126 1957 ζης.
1145 1919 1198 1952 85,
1210 1914 1265 1945 ult.
1281 1911 1403 1947 πλείους,
1418 1909 1433 1941 ἢ
1449 1908 1560 1950 χιλίους
1574 1905 1622 1936 καὶ
1638 1912 1744 1934 πεντα-

1067 1959 1174 1994 κοσίους
1195 1961 1250 1988 τῶν
1271 1957 1395 1988 πολιτῶν
1415 1952 1542 1993 ἀκρίτους
1564 1947 1744 1979 ἀπέκτειναν,

1069 2004 1197 2044 triginta
1213 2000 1336 2042 tyranni
1348 2002 1433 2039 puta.
1450 1997 1503 2031 87,
1518 1996 1571 2024 20.

1027 2047 1126 2087 πλέον]
1150 2046 1199 2076 οὐκ
1218 2043 1331 2074 ἐδύνατο
1353 2037 1496 2080 ἀναμένειν
1515 2036 1549 2067 τὸ
1572 2031 1668 2066 πλέον,
1684 2040 1748 2061 non

1070 2094 1192 2132 poterat
1207 2085 1344 2129 opperiri
1359 2088 1506 2114 emtorem
1523 2079 1594 2121 plus
1616 2075 1748 2107 offeren-

1072 2142 1146 2165 tem.
1166 2133 1219 2168 13,
1234 2133 1287 2161 40.
1313 2126 1408 2162 πλέον,
1427 2136 1483 2167 pro
1499 2121 1611 2156 πλείων,
1625 2117 1749 2161 grandi-

1660 1251 1732 1285 πλέ-

1072 2188 1120 2214 υε,
1135 2173 1338 2207 numerosius.
1356 2171 1410 2206 85,
1427 2171 1483 2200 30.

1029 2219 1189 2261 πλεονεξία]
1211 2217 1249 2251 εἰς
1261 2217 1347 2246 τοῦτο
1362 2209 1489 2254 προήχθη
1506 2205 1636 2240 Καλλίας
1647 2203 1750 2244 ὕβρεως

1073 2264 1122 2294 καὶ
1148 2257 1317 2300 πλεονεξίας,
1334 2253 1515 2297 Δημοσθένης
1536 2252 1564 2282 δὲ
1581 2246 1748 2290 δωροδοκίας.

1076 2309 1130 2344 67,
1144 2309 1175 2337 8.

1031 2350 1144 2390 πληγὴ]
1168 2346 1332 2388 μαστιγοῦν
1344 2345 1399 2378 τὰς
1415 2341 1446 2382 ἔξ
1457 2340 1608 2381 ἀνθρώπων
1623 2335 1750 2373 πληγεὶς.

1076 2397 1107 2430 9,
1129 2394 1178 2423 12.
1202 2388 1326 2430 δημοσία
1337 2388 1469 2428 μάστιγι
1486 2380 1659 2414 τύπτεσθαι
1679 2387 1751 2407 ωεν-

1075 2437 1197 2468 τήκοντα
1220 2433 1348 2471 πληγάς.
1374 2432 1428 2464 19,
1455 2430 1509 2459 30.
1531 2425 1644 2463 πληγῆς
1669 2426 1751 2451 τηλι-

1075 2480 1183 2513 καύτης
1197 2473 1388 2516 γεγενημένης.
1403 2475 1457 2507 74,
1472 2472 1526 2500 27.

1033 2522 1153 2564 πλῆθος]
1177 2518 1330 2560 ὑπερβολήν
1356 2527 1420 2547 τινα
1440 2513 1540 2544 ἑαυτοῦ
1560 2505 1756 2540 παλαιότητος

1076 2566 1124 2595 καὶ
1141 2563 1278 2596 πλήθους
1289 2561 1359 2592 ἐτῶν
1374 2557 1506 2591 εἰπόντος.
1521 2556 1577 2590 33,
1590 2553 1644 2582 34.

1034 2608 1224 2649 πλημμελεῖν
1236 2607 1274 2639 εἴς
1286 2615 1350 2634 τινα
1367 2602 1451 2640 λόγῳ.
1469 2601 1522 2633 24,
1535 2600 1566 2628 3.

1034 2650 1251 2692 πλημμέλημα
1268 2648 1306 2682 εἷς
1318 2645 1401 2679 θεούς.
1415 2646 1469 2678 68,
1483 2642 1536 2672 35.

1034 2695 1162 2736 πλήρης]
1187 2695 1242 2723 τῶν
1254 2690 1353 2729 ψήφων
1369 2689 1382 2718 ἦ
1399 2681 1597 2726 τετρυπημένη
1614 2679 1669 2719 δ’τῳ
1685 2676 1760 2708 δοκεῖ

1077 2734 1305 2780 (πεπορνεῦσθαι
1320 2728 1489 2772 Τίμαρχος)
1501 2729 1514 2759 ἡ
1524 2726 1553 2757 δέ
1567 2724 1692 2764 πλήρης,
1701 2720 1756 2760 δ’-τῳ

1077 2782 1130 2822 μή.
1150 2783 1203 2814 11,
1220 2780 1274 2809 34.

1036 2824 1175 2865 πληροῦν]
1200 2822 1296 2852 ταῦτα
1314 2816 1426 2857 ἰπληροῖ
1437 2815 1478 2845 τὰ
1493 2810 1645 2855 λῃστήρια.
1655 2809 1711 2844 27,
1726 2808 1756 2836 8.

1035 2868 1190 2908 πλήρωμα,
1207 2862 1327 2897 militia,
1341 2865 1454 2894 nautae,
1466 2866 1561 2892 arma,
1575 2853 1689 2895 quibus
1704 2858 1758 2880 na-

1079 2913 1124 2941 vis
1141 2913 1285 2939 armatur.
1303 2906 1358 2940 67,
1374 2905 1427 2934 29.

1035 2951 1202 2993 πλησιάζειν
1216 2949 1281 2985 τινὶ,
1292 2958 1363 2979 curu
1380 2945 1485 2986 aliquo
1500 2939 1583 2981 turpi
1599 2935 1761 2969 familiari-

1078 3003 1140 3028 tate
1164 3001 1377 3026 consuescere.
1399 2991 1432 3025 7,
1448 2989 1502 3017 42.
1532 2980 1687 3022 ὑποτρέχει
1713 2976 1761 3008 καὶ
