1899 3322
524 189 609 232 AD
642 186 901 231 AESCHIN.

129 281 205 314 ibid.
218 293 250 323 p.
260 284 336 314 30¹7.
351 293 378 313 v.
391 285 422 315 3.
438 283 564 325 μηδενὸς]
579 285 705 314 Demeo
721 281 805 313 dedi.

85 325 152 357 sine
184 326 278 357 dubio
295 326 441 368 scriptum
453 327 532 357 fuit·
524 338 553 356 tn
567 327 702 366 antiquis
715 326 806 356 libris

86 361 175 409 μηδεν
198 369 248 411 (id
274 375 321 400 est
349 370 478 411 μηδενὸς)
508 371 588 400 unde
623 368 730 410 μηδένα
764 369 807 397 ef-

88 414 237 443 fecerunt.
260 413 450 453 Splendidius
466 424 524 444 uon
543 419 596 450 est,
610 424 698 453 quam
709 413 809 442 ullum

88 455 177 486 aliud
193 456 386 496 quodcunque
400 457 457 487 vile
470 463 498 487 et
512 457 638 497 ignobzle
644 455 785 497 jamnus.

133 501 193 539 Ep.
210 499 296 539 3211.
310 502 382 530 309.
401 511 430 530 v.
447 503 499 529 11.
516 501 552 533 ὣς
564 510 613 531 την
625 499 730 540 νύκτα]
754 498 809 529 Vi·

280 543 287 552 ε
325 544 331 553 ι
366 541 375 552 Χ
411 544 419 553 κ

130 585 210 616 ibid.
223 596 253 615 v.
272 588 324 616 20.
339 584 418 626 ὅμως
419 587 433 627 ]
457 564 565 616 wlaliin
581 584 662 620 ὅλως.

128 628 208 659 ibid.
219 639 249 658 v.
263 633 404 669 antepen.
417 629 637 669 ὑπολαμβάνων
646 628 741 670 οἰκεῖν]
757 629 810 658 In-

87 671 314 711 tei-ponendum
329 672 454 703 videtur
469 673 622 712 ἀσφαλῶς,
643 673 694 703 vel
712 672 811 703 simile

88 715 174 755 quid.

132 760 194 799 Ep.
219 757 238 789 ι’.
261 769 294 798 p.
321 761 394 790 309.
417 770 448 790 v.
472 759 528 789 ult.
557 758 669 799 Κίμων]
702 758 812 790 Prodit

87 802 147 832 hoc
162 812 272 832 nomen
289 803 451 833 Libaninm
467 803 610 842 epistolae
634 804 726 841 hujus
742 813 812 842 per-

88 844 162 875 inde
182 850 302 885 patrem
323 856 403 883 esse,
423 851 515 886 atque
537 846 607 886 ipse
623 857 657 876 se
673 846 813 876 Cimonis

90 888 167 927 fert;
190 899 281 928 quem
294 890 334 919 ad
347 890 474 920 taedium
485 900 582 931 usque
597 889 711 929 ubique
728 890 812 920 loco-

90 941 159 962 rutn
173 937 290 973 crepat.

132 974 251 1016 ibid.p.
262 979 338 1008 310.
350 986 378 1007 v.
388 980 418 1007 1.
428 976 537 1018 κήδους]
550 976 812 1012 Necessitudinis,

91 1019 159 1058 ejus
175 1029 299 1060 nempe,
315 1030 374 1060 qua
388 1020 472 1051 nulla
494 1025 600 1061 potest
619 1021 681 1051 alia
698 1020 814 1051 arctior

91 1072 171 1099 esse,
188 1063 245 1093 filii
260 1074 329 1094 cum
344 1069 444 1103 patre.

134 1106 212 1136 ibid.
222 1117 253 1137 v.
266 1109 298 1137 3.
309 1106 398 1149 ἔχειν]
418 1108 501 1138 Dedi
514 1108 554 1138 de
567 1118 636 1138 meo
648 1106 733 1149 ἔχων.
748 1117 812 1148 quae

89 1150 213 1180 viderim
225 1150 277 1187 ibi,
288 1161 355 1181 cum
364 1152 449 1182 semel
461 1152 577 1191 placeat
589 1152 726 1187 scribere,
738 1158 814 1181 tam-

90 1194 144 1223 etsi
165 1193 283 1234 largam
304 1193 426 1225 habeam
453 1195 743 1237 scribendicopz'am,
767 1201 813 1225 ta-

90 1246 156 1266 men
167 1237 300 1267 reticebo.

134 1279 212 1310 ibid.
229 1291 261 1311 v.
276 1281 308 1311 5.
324 1278 606 1321 ἀπειςοκαλεῦεσθαι]
638 1281 739 1309 Etiam
756 1282 814 1311 hoo

90 1323 277 1354 vocabulum
293 1324 331 1354 ab
347 1328 439 1355 aetate
457 1324 615 1354 AEschinis
635 1323 814 1360 abhorrens,

88 1366 266 1406 sophistam
282 1368 398 1407 prodit.

136 1410 214 1441 ibid.
237 1421 269 1440 v.
287 1413 318 1441 6.
335 1409 403 1441 δέκα.
419 1409 474 1451 μὲν
489 1411 641 1452 γλῶσσαι]
665 1410 744 1441 Satis
761 1410 815 1440 ha-

93 1454 147 1484 bet
159 1454 279 1484 initium
295 1465 405 1484 versus
425 1455 491 1484 noti
507 1455 651 1494 allegare.
667 1454 742 1484 alias
762 1454 816 1484 de-

92 1496 218 1528 buisset
233 1496 301 1527 δὲιιοι
317 1496 345 1527 δὲ
361 1497 508 1538 στόματι
523 1499 648 1528 addere.
693 1498 754 1528 Sed
771 1498 815 1528 fa-

92 1540 155 1571 cile
169 1541 277 1579 legens
293 1541 422 1580 quisque
438 1541 507 1580 ipse
523 1541 677 1581 subjiciat.
717 1564 720 1566 -

136 1584 215 1615 ibid.
230 1595 261 1614 v.
276 1587 306 1616 9.
322 1585 496 1626 Πεξγάμων]
522 1586 610 1615 Bene
621 1586 716 1615 habet
733 1590 816 1616 utra-

93 1637 154 1667 que
170 1627 276 1665 lectio,
293 1633 327 1658 ut
342 1629 492 1668 ambigas,
508 1634 612 1659 utrum
633 1634 733 1668 optes,
748 1636 815 1671 Περ-

91 1671 196 1712 γάμων
218 1682 257 1702 an
282 1673 392 1712 τάφων.
427 1672 646 1712 Significantur
674 1673 817 1712 sepulcra

92 1715 246 1751 Heroum,
268 1715 321 1754 qui
343 1716 426 1746 circa
447 1717 570 1755 Trojam
595 1717 815 1753 occubuerunt,

92 1768 222 1797 quorum
238 1759 387 1789 habemus
403 1759 561 1799 epitaphia
573 1771 591 1790 a
607 1761 667 1790 Gu.
683 1760 815 1790 Cantero

91 1802 202 1832 Latina
216 1802 307 1832 facta.
337 1803 530 1842 Frequenter
550 1804 608 1833 hos
628 1804 762 1834 tumulos
783 1805 814 1833 in

91 1845 241 1876 Hernicis
267 1851 485 1876 commemorat
504 1847 723 1878 Philostratus.
768 1849 816 1878 Ex

89 1888 148 1919 hae
164 1899 286 1929 quoque
302 1893 374 1919 nota
393 1895 516 1920 aetatem
536 1891 644 1921 harum
668 1892 816 1930 epistola-

89 1942 158 1962 rum
174 1933 319 1969 noscites,
337 1933 515 1964 Philostrati
530 1935 657 1969 saeculo,
674 1941 704 1965 et
721 1936 814 1972 circa,

90 1976 239 2006 saecnlum
264 1977 390 2007 ardebat
413 1976 615 2019 φιλιστορησία
634 1978 813 2009 Troicornm

91 2025 368 2069 monumentorum,
406 2023 554 2051 Romanis
591 2022 814 2060 obtinentibus,

92 2063 146 2102 qui
161 2073 195 2093 se
212 2074 229 2093 a
241 2063 384 2102 Trojanis
401 2064 547 2095 oriundos
562 2065 689 2096 ferrent.

134 2106 212 2136 ibid.
236 2118 265 2136 v.
289 2109 340 2137 10.
364 2106 431 2147 πρὸς
448 2108 561 2149 αυτοῖς]
586 2108 745 2139 Sententia
765 2114 814 2140 est

90 2160 158 2190 πςος
171 2150 268 2184 αὐτοῖς
279 2150 340 2184 τοῖς
350 2151 452 2190 τάφοις
462 2153 518 2181 τῶν
531 2152 626 2193 ἡρώων.
642 2153 740 2192 Finge
752 2152 813 2183 tibi

91 2193 255 2224 Libanium
267 2204 337 2224 cum
349 2204 443 2234 grege
458 2195 683 2235 discipulorum
699 2201 731 2226 et
746 2197 813 2227 Ho-

89 2246 188 2273 mero,
199 2247 293 2278 quem
308 2237 372 2268 iltis
388 2238 573 2278 explicaret,
585 2249 676 2270 manu
693 2243 813 2277 tenens,

89 2281 813 2323 obeuntemcamposTrojanos,etsingulaquae-

89 2333 151 2363 que
171 2334 189 2354 a
203 2330 296 2364 poeta
315 2330 454 2356 enarrata
469 2326 742 2357 demonstrantem.
762 2328 812 2358 hic

89 2366 168 2397 situs
192 2373 242 2397 est
268 2369 448 2406 Patroclus,
471 2369 521 2399 hic
543 2370 740 2408 Antilochus,
762 2372 812 2402 hic

87 2410 203 2441 cecidit
218 2411 340 2441 Hector
353 2417 414 2442 etc.

131 2453 209 2484 ibid.
224 2465 255 2484 v.
272 2457 325 2486 18.
328 2454 495 2508 παρθένοις]
520 2457 569 2486 De
580 2467 649 2488 meo
665 2458 748 2488 dedi.
760 2469 811 2489 co-

89 2496 187 2527 baeret
202 2508 270 2527 cum
286 2499 354 2533 ταῖς
368 2500 485 2533 ἄλλαις.
512 2500 684 2531 Callirrhoe
697 2502 812 2533 dicitur

89 2550 176 2580 ονομα,
197 2539 282 2581 μέγα
302 2540 329 2572 ἐν
347 2543 415 2578 ταῖς
438 2543 544 2577 ἄλλαις
564 2543 722 2585 παςὸἑνοις,
743 2546 764 2576 i.
781 2556 809 2576 e.

89 2581 246 2623 ὅνομοιστὴ,
269 2585 365 2615 clara.
386 2591 584 2626 opponuntur
608 2588 658 2618 hic
679 2587 758 2619 inter
778 2599 810 2620 se

89 2638 176 2666 ονομα,
190 2626 283 2667 μέγα,
297 2628 412 2669 puella,
427 2640 570 2670 magnum
581 2641 697 2668 nomen,
713 2636 810 2662 meto-

89 2671 222 2709 nymice,
248 2676 302 2702 aut
329 2673 566 2712 synecdochice,
593 2684 661 2713 pro,
692 2675 808 2706 habens

89 2723 233 2753 magnum
246 2725 366 2752 nomen,
377 2720 408 2746 et
421 2716 529 2757 πατξός
540 2717 569 2747 οὐ
582 2720 635 2747 τῶν
651 2717 811 2759 ἐπιφανῶν,

87 2758 184 2795 patris
199 2757 282 2787 haud
297 2759 385 2795 clari,
402 2761 551 2800 ignobilis.

133 2800 211 2830 ibid.
228 2811 258 2831 v.
272 2804 324 2831 ⁰²2.
339 2803 414 2843 τοῖς]
439 2803 601 2834 Revocavi
621 2805 728 2843 αὐτοῖς,
742 2816 810 2835 mu-

91 2847 153 2872 tata
169 2843 378 2881 distinctione,
391 2847 633 2886 quemadmodum
648 2849 720 2885 iltis,
733 2850 810 2879 Tro-

84 2884 169 2926 janis
192 2892 279 2926 puta,
293 2898 352 2919 mos
365 2893 393 2918 et
399 2888 456 2930 jas
468 2896 520 2926 est,
536 2896 690 2930 spectare.
724 2893 810 2930 Quo-

90 2929 182 2959 modo
195 2930 318 2961 autem?
336 2932 460 2963 scilicet
472 2931 622 2975 ἐξωτέρω
610 2946 680 2975 ogq-v,
691 2936 811 2976 procul,

87 2972 212 3003 eminus.

132 3014 208 3046 ibid.
224 3026 255 3056 p.
278 3019 353 3049 311.
378 3029 407 3049 v.
433 3023 463 3053 6.
487 3018 595 3051 mntem
617 3032 672 3052 σοι.
694 3022 809 3063 ταῦτα]

934 184 1121 229 EPIST.
1453 173 1565 234 367

841 281 895 311 Sio
906 280 1014 320 vulgo.
1029 280 1133 310 delevi
1149 279 1281 310 mediam
1293 291 1413 319 vocem,
1427 293 1496 312 mea
1511 293 1565 313 au—

841 324 997 360 ctoritate,
1006 329 1039 353 ut
1049 328 1150 353 natam
1163 334 1179 353 e
1190 324 1247 353 fine
1259 335 1326 355 voc.
1338 326 1564 365 'momenquem

841 367 1049 398 accusativum
1065 367 1124 396 hoc
1141 368 1270 398 verbum
1285 370 1434 407 postulat,
1449 369 1476 400 is
1488 370 1564 400 latet

841 411 873 441 iu
887 410 1049 450 praemisso
1066 409 1240 450 Καλλιῤῥέην.

885 455 964 484 ibid.
986 465 1016 483 v.
1040 458 1181 493 antepen.
1201 452 1333 494 νομίζειν]
1357 455 1452 486 Dedi.
1474 461 1565 496 aptus

844 503 892 528 est
906 498 956 527 hio
971 496 1140 527 infinitivus
1165 507 1205 527 ex
1221 497 1284 536 ἔφη.
1301 499 1402 528 aiebat
1418 500 1519 530 Cimon
1537 509 1566 529 se

843 542 1020 576 existimare,
1035 541 1174 571 Attalum
1191 541 1335 571 athletam
1358 542 1428 571 ideo
1454 543 1498 572 sic
1514 553 1565 572 ro-

844 586 969 614 bustum
985 589 1017 614 et
1031 584 1169 613 validum
1185 595 1267 619 esse,
1283 585 1367 624 quod
1382 590 1490 615 essete
1502 586 1566 615 fur-

844 628 912 658 tivo
927 627 1095 657 concubitu
1108 631 1210 657 natus.
1231 628 1336 667 Vulgo
1350 629 1447 667 spurii
1462 629 1566 658 valen-

846 671 942 701 tiores
958 675 989 700 et
1003 670 1238 701 exercitatiores
1260 672 1412 701 habentur
1426 672 1566 710 legitime

845 714 1028 754 procreatis.
1050 715 1175 753 Quaere,
1191 715 1280 753 cujus
1295 715 1395 745 aetatis
1407 715 1460 745 ille
1475 715 1568 745 fuerit

845 757 970 788 Attalus
987 758 1113 794 athleta,
1125 762 1159 787 ut
1176 768 1213 788 ex
1229 768 1265 788 ea
1274 758 1476 798 epistolarum
1493 763 1568 788 aetas

847 802 1015 831 elucescat.
1039 801 1186 831 Invenies
1204 802 1313 842 procul
1330 801 1427 831 dubio
1446 800 1477 830 in
1494 801 1570 831 Cor-

846 845 975 884 poribus
990 845 1246 885 Iuscriptionum,
1256 845 1438 876 Gruteriano
1452 850 1484 874 et
1495 844 1581 874 Mur

846 889 1014 924 ratoriano,
1032 892 1085 918 aut
1100 889 1161 918 alio
1178 890 1322 928 quopiam
1340 888 1445 924 simili,
1463 888 1494 918 in
1511 899 1568 918 sae-

847 932 917 962 culo
942 937 1015 972 post
1039 933 1111 962 Chr.
1133 939 1195 963 nat.
1217 932 1366 968 secundo,
1390 937 1444 962 aut
1466 932 1571 968 tertio,

847 980 899 1006 aut
916 981 1034 1015 quarto.
1081 976 1143 1005 Sed
1160 976 1191 1005 in
1207 977 1266 1006 hoc
1288 976 1401 1017 potius,
1427 975 1454 1005 si
1475 976 1569 1005 Liba-

847 1020 890 1049 nii
906 1020 953 1049 hae
970 1024 1040 1049 sunt
1056 1019 1210 1059 epistolae,
1227 1021 1314 1058 cujus
1330 1030 1398 1049 esse
1415 1018 1475 1048 aio.

890 1062 967 1093 ibid.
984 1074 1013 1093 v.
1027 1074 1098 1103 peu.
1115 1061 1196 1103 ἐξίοι]
1221 1065 1247 1094 Ε
1262 1063 1407 1102 palaestra
1416 1067 1502 1101 puta,
1515 1073 1570 1093 cu-

843 1107 896 1145 jus
909 1117 942 1136 se
959 1107 1131 1137 studiosum
1146 1117 1216 1136 esse
1235 1108 1384 1147 genuinus
1404 1107 1569 1136 AEschines

848 1150 961 1180 alicubi
991 1151 1117 1180 fatetur.
1159 1151 1318 1180 Sententia
1348 1154 1406 1184 est,
1438 1155 1570 1189 patrem,

847 1194 1053 1229 maeandrum,
1067 1194 1126 1224 sibi
1143 1193 1339 1229 stomachari,
1350 1193 1431 1232 quod
1446 1203 1506 1222 non
1524 1193 1570 1223 vi-

848 1236 956 1271 cisset,
968 1247 1066 1276 eoque
1079 1248 1139 1266 non
1152 1237 1322 1272 effecisset,
1335 1241 1446 1266 utcum
1456 1236 1571 1275 ipsius,

848 1279 915 1316 filii,
930 1280 1065 1315 nomine,
1082 1291 1184 1317 suum,
1196 1279 1304 1319 patris,
1321 1290 1442 1319 quoque
1458 1290 1571 1309 nomeu

849 1333 866 1351 a
881 1333 1023 1361 praecone
1038 1324 1282 1354 renunciaretur.

890 1366 967 1397 ibid.
981 1378 1012 1406 p.
1025 1369 1100 1397 312.
1118 1378 1149 1396 v.
1159 1370 1190 1397 Q.
1206 1366 1343 1408 Καρίωνα]
1366 1367 1405 1397 In
1419 1367 1511 1396 MSS.
1525 1371 1574 1397 est

848 1411 953 1439 κατιὼν
976 1409 1012 1446 δ’,
1027 1411 1108 1440 unde
1124 1410 1214 1441 effeci
1236 1409 1305 1440 κατ’
1319 1411 1412 1446 inimi,
1429 1411 1496 1440 scil.
1512 1410 1573 1440 ’ωὲ-

849 1458 948 1492 λαγος.
993 1454 1185 1493 Epidamnus
1203 1455 1310 1494 utique
1326 1454 1414 1484 Ionio
1430 1454 1506 1484 mari
1523 1465 1572 1484 as-

850 1496 941 1527 sidet.

893 1541 971 1571 ibid.
992 1552 1022 1572 v.
1039 1545 1070 1574 8.
1087 1540 1256 1583 ardeam—q
1275 1541 1405 1573 Videtur
1421 1541 1452 1572 in
1466 1541 1570 1572 verbis

850 1584 957 1616 παθεῖν
977 1591 1009 1616 et
1029 1585 1208 1627 ἐργάσασθαι
1230 1587 1338 1616 ludere
1356 1586 1445 1616 velle.
1476 1586 1571 1615 Prius

849 1629 983 1660 refertur
1001 1631 1038 1659 ad
1060 1631 1137 1659 illud
1158 1630 1268 1669 ingens
1290 1629 1462 1669 periculum
1487 1629 1570 1668 quod

849 1672 996 1703 Libanius
1014 1680 1046 1703 et
1062 1674 1192 1703 Cimona
1213 1674 1331 1709 dibant,
1354 1677 1387 1702 ut
1403 1672 1464 1702 vici
1483 1682 1572 1711 paene

849 1717 1112 1747 comburerentur.
1127 1715 1279 1757 ἐξγάζεται
1294 1721 1395 1746 autem
1407 1713 1455 1746 οἷον
1469 1715 1494 1745 ἐν
1506 1716 1573 1750 ταῖς

849 1759 1011 1799 κωμῳδίαις
1031 1761 1070 1796 is,
1088 1761 1140 1799 qui
1160 1761 1290 1790 alterum
1310 1765 1469 1790 cornutum
1486 1759 1571 1789 facit.

849 1804 1037 1834 Scamandro
1060 1805 1170 1834 Cimon
1188 1804 1239 1834 hic
1255 1813 1368 1834 cornua
1384 1803 1573 1843 imponebat,

848 1847 972 1886 rapiens
991 1847 1201 1887 virginitatem
1217 1848 1340 1887 puellae,
1361 1857 1430 1886 quae
1444 1846 1573 1885 virgini-

849 1895 896 1920 tas
925 1892 1111 1921 Scamandro
1145 1892 1317 1921 debebatur
1328 1901 1353 1927 3.
1374 1891 1573 1929 quemadmo-

848 1934 921 1964 dum
936 1936 1062 1974 Jupiter
1075 1935 1105 1964 in
1119 1935 1289 1965 Comoediis
1306 1932 1534 1973 Atnphitryoni.

890 1978 967 2008 ibid.
981 1990 1011 2009 v.
1027 1981 1077 2009 1⁶2.
1093 1977 1141 2007 καὶ
1162 1978 1308 2019 Διονύσου]
1333 1979 1501 2015 Interpone
1522 1987 1571 2006 τε-

848 2021 962 2061 τάξτην.
991 2022 1162 2058 Maeander,
1176 2022 1345 2056 Hercules,
1360 2020 1486 2059 Apollo,
1500 2025 1571 2050 sunt

847 2069 921 2095 tres.
951 2065 1094 2095 Bacchus
1111 2075 1185 2104 ergo
1201 2070 1326 2104 quartus
1342 2064 1401 2093 erit
1417 2064 1569 2094 coruifex.

889 2108 966 2138 ibid.
984 2120 1013 2139 v.
1027 2115 1170 2147 antepen.
1186 2107 1302 2148 ξενῶνα]
1327 2106 1437 2137 Malim
1453 2105 1533 2145 ξένον.
1551 2118 1571 2135 α,

847 2152 979 2182 adhaesit
994 2163 1011 2182 e
1027 2153 1170 2192 proximo
1188 2150 1294 2191 ἀνέμῳ.

890 2196 966 2226 ibid.
985 2207 1013 2225 v.
1032 2197 1090 2226 ult.
1104 2194 1160 2237 μὲν
1176 2193 1286 2236 παθὼν]
1305 2193 1569 2234 interponendum

849 2238 973 2270 videtur
989 2238 1055 2278 ἐγώ.

891 2284 950 2323 Ep.
968 2283 1007 2313 ιά.
1023 2294 1054 2323 p.
1075 2285 1151 2314 313.
1174 2293 1206 2313 v.
1226 2286 1275 2313 10.
1301 2280 1394 2323 ῥᾴδιοι]
1422 2281 1568 2311 Constru-

847 2325 910 2356 ctio
925 2327 990 2356 haec
1006 2332 1070 2357 est:
1092 2326 1184 2366 ᾳῖόμην
1198 2324 1245 2356 οἰκ
1264 2325 1331 2357 εῖναι
1346 2325 1424 2365 ῥᾴδια
1439 2324 1570 2364 συμβου-

846 2370 944 2406 λεύειν,
960 2369 1035 2410 μηδὲ
1048 2370 1105 2400 τῶν
1115 2368 1284 2401 ἐπιτηδείων
1300 2370 1388 2404 τισὶν,
1405 2369 1423 2398 ἃ
1437 2369 1570 2408 προσήκει

847 2414 902 2456 οὐχ
924 2413 967 2444 ἔτι
991 2413 1092 2450 πόλει,
1116 2425 1178 2454 quae
1200 2419 1308 2453 oportet
1322 2412 1439 2454 ⁸fucere,
1459 2422 1491 2440 ca
1513 2423 1569 2440 αι,-

846 2459 996 2487 tumaham
1013 2456 1215 2499 haudfucilia
1230 2467 1330 2491 suasu,
1356 2466 1389 2485 ne
1406 2456 1565 2484 amicornm

845 2502 960 2541 quidem
971 2502 1157 2542 quibusdam,
1170 2502 1278 2530 nedum
1291 2500 1432 2529 unit-ersa
1444 2499 1568 2527 visitati.

889 2544 967 2575 ibid.
999 2556 1029 2575 v.
1061 2548 1110 2577 15.
1142 2544 1245 2585 αὐτοῦ]
1286 2542 1427 2573 praetuli.
1454 2542 1568 2575 ibidem„

846 2587 978 2618 Athenis
994 2593 1080 2628 puta.

888 2631 966 2661 ibid.
986 2642 1016 2661 v.
1044 2636 1093 2663 17.
1115 2630 1178 2671 ἤδη]
1205 2629 1374 2660 Revocavi.
1400 2628 1459 2668 εἰμῖ
1488 2632 1565 2656 salet

846 2681 915 2715 post
941 2673 1054 2715 ἕτοιμος
1077 2675 1189 2705 omitti.
1220 2674 1291 2702 Yid.
1314 2673 1351 2701 ad
1374 2682 1403 2701 v.
1419 2677 1564 2709 antepen.

845 2718 884 2748 ad
901 2729 990 2757 quem
1008 2719 1116 2748 eadem
1133 2722 1203 2747 suut
1220 2716 1401 2749 annotanda,
1419 2724 1486 2753 quae
1507 2715 1564 2743 hic.

888 2761 966 2792 ibid.
984 2773 1014 2802 p.
1035 2765 1108 2793 314.
1128 2772 1160 2791 v.
1180 2764 1210 2791 2.
1233 2759 1318 2799 δόξω]
1345 2758 1566 2794 Etistz'lnurcrn,

844 2806 979 2843 praetuli.

888 2849 964 2878 ibid.
981 2859 1011 2878 v.
1027 2850 1077 2878 15.
1092 2843 1213 2885 θέλετε]
1232 2845 1294 2875 h.1.
1308 2843 1496 2875 indicativus
1506 2848 1566 2880 est,

846 2902 944 2930 neque
961 2895 1066 2931 potest
1089 2889 1292 2930 imperativus
1314 2898 1394 2923 esse,
1417 2897 1568 2927 prosopo-

845 2935 928 2974 poeia
943 2939 989 2964 est
1007 2940 1173 2969 oratorum,
1195 2943 1255 2971 quo
1277 2932 1335 2961 sub
1356 2931 1434 2961 falsa
1459 2931 1564 2970 specie

846 2977 1022 3008 severitatis
1034 2977 1226 3016 objurgantis
1241 2975 1366 3004 auribus
1381 2975 1431 3004 dat
1447 2981 1478 3004 et
1490 2974 1565 3003 adu-

845 3021 936 3052 latur.
982 3021 1163 3052 Gaudcbant
1179 3019 1258 3050 enim
1275 3018 1478 3051 Athenienses
1496 3027 1563 3056 gra-
