1966 3340
318 204 484 246 xxxviii
817 204 868 246 C.
901 204 948 246 F.
982 202 1279 246 MATTHAEI

317 316 464 362 γασίαν
476 315 517 350 et
535 312 757 362 ἐξεργασίαν
772 310 910 349 Graeci
928 311 1147 362 appellant)
1166 310 1354 361 pervenit,
1370 309 1409 348 in
1429 322 1507 361 qua
1526 310 1648 349 onmis
1666 310 1722 349 vis
1741 316 1781 350 et

315 379 455 413 natura
472 372 711 424 eloquentiae
733 373 924 411 consistit.
982 374 1054 411 Est
1072 373 1110 410 in
1131 373 1307 411 oratione
1326 378 1462 410 contra
1484 362 1781 423 Ctesiphontem

312 436 427 485 (ibid.
448 436 478 480 ἓ.
498 438 553 484 ἡ.)
572 440 842 485 argumentum
872 433 1111 484 hujusmodi.
1169 435 1330 480 Omnes,
1352 434 1419 484 qui
1450 434 1620 483 aliquam
1651 434 1781 484 reipu—

314 497 431 536 blicae
448 496 702 535 Atheniensis
723 501 874 547 partem
895 496 1283 542 administraverunt,
1300 502 1391 534 sunt
1409 494 1622 534 ὑπεύθυνοι.
1659 494 1782 546 Atqui

315 560 604 599 Demosthenes
621 559 909 598 administravit
923 558 1095 609 aliquam
1111 564 1262 610 partem
1279 557 1506 609 reipublicae
1521 556 1781 595 Atheniensis.

313 624 420 674 Ergo
438 628 500 661 est
520 624 735 666 ὑπεύθυνος.
793 621 870 659 Hic
899 621 1167 672 copiosissime
1189 620 1360 671 explicat
1378 619 1616 658 vocabulum
1642 630 1781 656 omnes.

313 685 417 723 Nam
432 692 472 724 et
491 685 730 731 sacerdotes,
750 690 830 723 tum
851 684 1006 735 singuli,
1024 691 1105 723 tum
1125 684 1283 722 familiae
1302 683 1504 730 universae,
1522 681 1782 734 Eumolpidae,

313 747 499 799 CeryceS,
518 753 557 786 et
577 747 758 799 praefecti
780 746 992 786 triremium
1013 751 1052 784 et
1065 746 1302 798 areopagitae
1323 751 1363 784 et
1378 751 1535 784 senatus
1551 744 1782 796 quingento-

311 822 413 860 rum,
431 814 470 847 et
490 808 531 855 ii,
550 809 618 860 qui
639 810 754 847 ullam
775 809 982 860 pecuniam
1003 808 1201 859 publicam
1222 813 1452 853 tractarunt,
1468 812 1560 846 sunt
1578 807 1780 845 ὑπεύθυνοι.

312 870 621 908 Demosthenem
642 884 733 908 vero
756 870 1048 908 administrasse
1068 869 1240 920 aliquam
1258 869 1485 919 reipublicae
1515 874 1664 919 partem
1689 881 1780 906 mox

311 931 426 982 (ibid.
440 934 468 973 ἑ.
491 935 535 974 l.)
553 932 630 970 alio
651 938 880 983 argumento
901 931 1118 969 confirmat.
1157 930 1283 981 Igitur
1302 931 1377 969 hoc
1397 932 1488 969 loco
1503 930 1645 969 omisit.
1673 929 1780 968 Alibi

311 996 367 1043 (κ.
388 993 555 1046 Τιμάρχ.
575 1000 606 1044 ξ.
625 993 693 1031 λδ’.
714 1007 753 1044 p.
775 998 840 1034 71.
861 1006 896 1031 v.
912 995 995 1041 18.)
1015 992 1119 1031 cives
1139 992 1340 1043 improbos
1360 1005 1490 1030 severe
1511 1005 1596 1030 esse
1620 991 1782 1041 punien-

311 1055 398 1102 dos,
421 1056 551 1094 multis
579 1055 796 1094 rationibus
822 1061 862 1093 et
890 1055 967 1094 late
994 1055 1126 1102 docet,
1155 1068 1177 1093 a
1200 1054 1389 1106 pericuIO,
1418 1054 1525 1105 quod
1552 1067 1575 1092 a
1598 1054 1779 1105 judicum

310 1117 547 1168 negligentia
579 1117 731 1168 legibus
764 1117 901 1164 oritur,
921 1117 1033 1167 (ibid.
1063 1125 1094 1168 ξ.
1124 1119 1180 1155 λέ.
1200 1116 1302 1165 init.)
1320 1116 1370 1154 ab
1396 1117 1576 1168 exemplo
1595 1116 1780 1155 Lacedae-

310 1180 548 1225 moniorum,
566 1179 678 1228 (ibid.
700 1185 732 1228 ξ.
746 1182 801 1217 λέ.
822 1179 944 1228 med.)
961 1185 1000 1217 et
1014 1185 1185 1217 veterum
1203 1177 1516 1225 Atheniensium,
1529 1178 1640 1228 (ibid.
1659 1181 1689 1225 ξ.
1708 1179 1780 1216 λς’.

309 1242 413 1290 init.)
440 1253 464 1279 a
493 1241 579 1291 lege
611 1241 782 1287 Solonis,
812 1241 942 1290 (ibid.)
973 1255 996 1279 a
1028 1240 1268 1291 singulorum
1303 1240 1515 1279 securitate
1549 1240 1778 1286 domestica,

307 1302 423 1351 (ibid.
442 1310 475 1353 ξ.
495 1304 567 1348 λζ’.
590 1302 692 1352 init.)
711 1316 734 1341 a
754 1302 998 1353 turpitudine
1019 1302 1216 1353 judicum,
1237 1301 1370 1351 (ibid.)
1389 1315 1412 1341 a
1432 1302 1661 1353 reipublicae
1681 1302 1781 1354 peri-

308 1364 411 1411 culo,
428 1364 561 1415 (ibid.)
579 1378 601 1402 a
620 1364 856 1403 detrimento
878 1365 1097 1415 disciplinae
1118 1364 1304 1416 publicae,
1323 1363 1434 1413 (ibid.
1462 1371 1494 1416 ξ.
1513 1366 1576 1410 λή.
1595 1364 1698 1414 init.)
1743 1365 1779 1402 A

308 1426 471 1465 crimine
505 1426 740 1476 proditionis
766 1429 823 1478 (π.
850 1426 1104 1479 Παραπρεσβ.
1140 1435 1174 1478 §-
1205 1426 1301 1477 pus-¹.)
1329 1440 1369 1464 se
1400 1427 1591 1472 defendit,
1621 1427 1780 1465 demon-

308 1488 468 1527 stranda
487 1488 696 1526 atrocitate
717 1488 915 1533 facinoris,
933 1488 1173 1527 recensenda
1192 1488 1339 1528 familia
1358 1502 1439 1536 sua,
1459 1495 1635 1540 parente,
1656 1488 1778 1538 majo-

306 1550 429 1597 ribus,
450 1557 588 1596 matre,
610 1550 809 1596 fratribus,
832 1550 1026 1597 affinibus,
1048 1551 1230 1601 conjuge,
1254 1551 1401 1597 liberis,
1435 1563 1538 1600 quos
1567 1550 1610 1588 in
1640 1551 1779 1589 Mace-

308 1612 464 1651 doniam
495 1612 644 1659 abiens,
666 1612 823 1650 obsides
851 1611 944 1650 fidei
974 1625 1055 1651 suae
1076 1612 1114 1650 in
1146 1612 1428 1664 rempublicam
1455 1611 1677 1662 reliquerat.
1732 1612 1779 1651 In

307 1673 527 1713 refutandis
558 1674 868 1712 adversariorum
898 1674 1136 1726 argumentis
1167 1687 1273 1725 saepe
1299 1674 1415 1712 etiam
1440 1687 1487 1712 eo
1505 1687 1648 1724 genere
1667 1687 1780 1726 argu-

305 1743 528 1774 mentorum
544 1736 684 1786 utitur,
706 1735 813 1786 quod
835 1735 1011 1773 rhetores
1031 1735 1235 1786 appellant
1255 1734 1400 1783 βίαιον,
1424 1735 1456 1773 si
1476 1747 1524 1772 ex
1553 1735 1613 1782 iis,
1633 1736 1778 1786 quibus

305 1797 550 1836 adversarius
577 1798 725 1844 nititur,
747 1797 947 1836 contraria
969 1797 1216 1847 colliguntur,
1238 1796 1343 1847 quod
1366 1809 1435 1834 sua
1454 1801 1591 1834 natura
1620 1797 1670 1835 ad
1691 1810 1780 1848 per.

305 1859 550 1898 suadendum
564 1859 640 1897 vim
659 1859 779 1898 habet
794 1858 1013 1898 maximam.
1052 1859 1217 1897 Dixerat
1231 1858 1533 1912 DemostheneS,
1549 1859 1598 1908 (κ.
1614 1858 1777 1911 Κτησιφ.

305 1926 338 1971 ς.
358 1921 450 1974 μδῖ)
469 1935 540 1960 suo
561 1934 678 1960 suasu
697 1921 906 1960 Thebanos
925 1934 1012 1959 cum
1035 1921 1344 1959 Atheniensibus
1365 1920 1503 1958 fecisse
1531 1920 1775 1960 societatem.

306 1985 414 2031 Hoc,
432 1997 513 2035 quo
532 1983 697 2022 maxime
718 1983 868 2023 fidebat
886 1983 1144 2030 adversarius,
1165 1996 1245 2021 non
1264 1982 1389 2021 solum
1409 1988 1538 2033 negat,
1560 1988 1601 2021 et
1618 1983 1775 2022 Theba-

305 2060 379 2086 nos
408 2046 539 2085 iniisse
568 2046 796 2085 societatem
826 2059 918 2084 cum
937 2044 1246 2084 Atheniensibus
1272 2049 1433 2083 coactos
1459 2050 1652 2095 tempore,
1673 2045 1776 2096 peri-

303 2109 394 2149 culo
412 2114 453 2148 et
473 2109 614 2147 timore
633 2108 767 2154 docet,
788 2108 856 2146 sed
886 2114 926 2147 et
956 2108 1082 2146 tribus
1110 2107 1238 2145 modis
1258 2106 1325 2145 illo
1346 2113 1521 2157 tempore
1543 2108 1776 2146 Demosthe-

303 2183 394 2210 nem
422 2170 652 2222 reipublicae
678 2170 860 2208 damnum
888 2169 1065 2208 attulisse
1084 2169 1340 2207 demonstrat.
1396 2168 1546 2213 Quinta
1575 2168 1698 2208 virtus
1717 2175 1777 2208 est

303 2233 501 2285 explicata
519 2239 747 2284 argumenta
768 2231 1033 2271 concludendi
1053 2231 1247 2270 subtilitas
1265 2237 1305 2269 et
1325 2230 1503 2270 varietas.
1559 2232 1776 2282 Argumen-

303 2300 403 2343 tum,
431 2308 511 2346 quo
537 2295 683 2333 crimen
715 2293 950 2346 proditionis
971 2293 1156 2339 diluerat,
1177 2293 1375 2344 eleganter
1396 2291 1590 2331 conclusit
1615 2292 1692 2332 sic:
1720 2295 1774 2341 (π.

303 2355 563 2409 Παραπρεσβ.
583 2358 614 2402 ἓ.
640 2358 724 2408 μή.)
741 2357 861 2404 ἐρωτῶ
881 2358 969 2407 γὰρ,
994 2353 1022 2394 ὦ
1042 2354 1254 2402 Ἀθηναῖοι,
1275 2358 1306 2393 εἰ
1327 2354 1419 2392 δοκῶ
1447 2355 1497 2393 ἂν
1515 2355 1604 2406 ὑμῖν
1622 2355 1716 2406 πρὸς
1734 2359 1776 2405 τῇ

304 2419 453 2472 πατρίδι
472 2421 532 2456 καὶ
557 2422 600 2464 τῇ
629 2425 702 2456 τῶν
721 2420 843 2471 φίλων
864 2421 1043 2470 συνηθείᾳ
1062 2419 1122 2456 καὶ
1144 2418 1249 2469 ἱερῶν
1267 2419 1328 2455 καὶ
1346 2417 1473 2469 τάφων
1490 2417 1671 2470 πατρῴων
1689 2434 1775 2469 μετ-

303 2480 431 2533 ουσίᾳ,
451 2484 604 2524 τούτους
631 2481 717 2523 τοὺς
743 2481 896 2519 πάντων
925 2481 1131 2532 ἀνθρώπων
1159 2480 1239 2532 ἐμοὶ
1264 2479 1465 2531 φιλτάτους
1490 2478 1693 2531 προδοῦναι
1717 2479 1776 2518 Φι-

302 2545 444 2596 λίππῳ,
472 2544 533 2580 καὶ
564 2544 648 2593 περὶ
675 2544 849 2585 πλείονος
875 2544 942 2587 τὴν
975 2542 1124 2580 ἐκείνων
1157 2544 1290 2594 φιλίαν
1322 2548 1388 2587 τῆς
1417 2542 1557 2582 τούτων
1588 2544 1774 2590 σωτηρίας

303 2608 554 2651 ποιήσασθαι;
572 2608 663 2655 ποίᾳ
678 2606 868 2656 κρατηθεὶς
884 2603 996 2650 ἡδονῇ
1013 2619 1024 2650 ;
1039 2603 1063 2650 ἢ
1082 2608 1117 2642 τί
1132 2606 1278 2643 πώποτε
1298 2603 1476 2656 ἄσχημον
1491 2604 1771 2654 ἕνεκα·χρημοί-

303 2683 378 2706 των
396 2668 540 2718 πράξας
549 2680 560 2711 ;
591 2667 668 2705 Hic
688 2666 831 2712 omnia,
849 2679 937 2716 quae
959 2672 1072 2704 antea
1099 2666 1177 2704 late
1198 2670 1444 2713 tractaverat,
1465 2664 1683 2715 conjungit,
1704 2677 1773 2715 pa-

302 2727 432 2775 triam,
460 2728 619 2774 amicos,
640 2740 765 2779 sacra,
785 2727 964 2778 sepulcra
982 2727 1188 2777 majorum,
1210 2732 1427 2777 parentem,
1446 2726 1606 2772 liberos,
1634 2726 1773 2776 conju-

303 2802 406 2840 gem,
421 2789 573 2837 fratres,
595 2789 794 2828 carissima
814 2789 973 2828 nomina
991 2788 1176 2839 appellat,
1195 2795 1248 2833 et,
1279 2794 1322 2826 ut
1341 2788 1538 2827 auditores
1561 2787 1637 2826 vim
1657 2801 1771 2839 argu-

302 2851 424 2890 menti
439 2851 621 2897 sentiant,
643 2850 776 2890 efficit.
833 2851 920 2888 Nec
942 2850 1018 2889 hoc
1034 2850 1069 2888 ei
1089 2849 1245 2896 sufficit,
1259 2849 1326 2888 sed
1344 2862 1488 2888 novum
1507 2849 1628 2887 robur
1646 2848 1770 2897 addit,

303 2913 380 2952 hoc
406 2912 710 2964 epiphonemate
738 2912 1017 2964 adjungendo:
1047 2914 1089 2951 οὐ
1113 2914 1188 2963 γάρ
1206 2913 1228 2957 ἡ
1249 2911 1470 2950 Μακεδονία
1489 2910 1621 2955 κακοὺς
1638 2912 1662 2957 ἢ
1679 2926 1770 2962 χρη-

305 2974 414 3019 στοὺς
440 2980 548 3023 ποιεῖ,
568 2977 655 3014 ἀλλ’
683 2978 706 3021 ἡ
735 2979 858 3027 φύσις,
877 2975 951 3014 οὔδ’
984 2974 1099 3026 ἕσμὲν
1129 2974 1242 3023 ἕτεροί
1270 2989 1382 3021 τινες,
1413 2977 1563 3020 ἥκοντες
1596 2974 1674 3013 α’πὸ
1704 2983 1770 3021 τῆς
