1916 3340
249 202 361 257 326
399 190 407 197 '

249 311 349 340 fronte
364 310 512 350 positum,
527 314 557 340 et
572 310 637 342 haec
653 316 700 342 est
715 313 879 342 verborum
896 322 966 341 con-

252 353 392 384 structio.
427 352 474 384 ἐὰν
505 355 559 394 γᾶς
585 355 733 394 σκοπῆτε,
762 355 900 396 εὑςῆσετε,
924 354 967 384 δ’τι

250 408 337 427 τουτο
351 398 465 428 πάντων
480 396 588 438 ἅςιστοι
603 396 676 440 ἔχει.

293 439 372 471 ibid.
395 451 426 471 ν.
454 443 505 472 12.
528 441 632 482 ὅτιουν]
656 443 727 473 Non
749 441 792 472 ita
816 440 966 480 liquidum

250 493 346 536 penes
368 494 417 514 me
437 484 562 524 quidem
583 490 632 515 est
653 484 878 524 repudiandum
898 493 967 513 esse

249 526 349 563 ὁτιοῦν,
366 532 398 557 et
414 527 442 557 ei
459 527 673 558 sufficiendum
692 528 815 558 ὁντινοῦν.
840 527 923 566 quod
941 527 967 556 si

250 574 352 600 tamen
375 571 407 601 in
427 570 485 601 hoc
508 572 636 602 codices
655 570 860 606 consentiant,
876 569 966 601 facile

248 612 355 643 feram.

292 655 320 695 §.
337 655 360 687 ἑ.
376 667 409 696 p.
426 658 478 688 16.
494 668 525 687 v.
541 660 570 687 1.
586 658 651 692 τοὺς
665 658 717 693 τῆς
728 656 853 697 πόλεως]
870 656 965 686 Forte

250 699 325 730 addi
341 700 505 730 conveniat
520 699 649 741 τρόπους,
662 701 737 742 leges
751 702 776 731 si
786 706 893 737 teneat,
907 710 967 730 mo-

249 751 348 784 resque
362 745 386 774 si
400 744 480 773 norit
493 744 632 773 civitatis.

293 786 369 817 ibid.
391 797 422 817 v.
447 788 478 816 6.
499 784 542 827 ὃς]
566 786 650 817 Dedi
671 786 711 816 de
734 796 804 817 meo
827 787 874 822 ὡς.
897 796 966 816 nam

249 828 414 868 διαλέγεται
436 829 538 859 refero
561 830 601 859 ad
625 830 737 869 legem.
757 831 902 860 nimirum
923 829 967 859 lea:

250 872 299 903 hic
322 874 389 914 agit
409 877 445 902 ‘nt
467 882 534 903 cum
559 872 674 903 homine
695 874 823 912 corporis
843 874 965 913 impuri.

248 915 438 946 Observatio
451 915 516 946 haec
529 920 577 946 est
589 916 760 953 AEschinis,
775 927 835 947 non
851 916 964 946 formu-

247 959 278 989 la
293 958 386 998 legis,
400 963 588 998 quapropter
604 960 699 990 verba
715 960 781 989 haec
798 959 896 999 signis
912 969 966 999 pa-

248 1002 430 1032 rentheseos
454 1002 579 1033 inclusi.
624 1003 666 1033 Et
691 1004 891 1043 postmodum
918 1012 967 1035 re-

246 1045 316 1086 peri
332 1047 369 1079 ὡς
386 1044 418 1075 in
436 1045 534 1076 Lock.

291 1088 368 1119 ibid.
391 1099 422 1119 v.
444 1090 478 1118 7.
499 1087 543 1128 τῷ
566 1087 708 1130 δημοσίῳ]
731 1090 795 1120 Aut
819 1087 864 1128 τῷ
885 1087 967 1129 δήμῳ

247 1132 309 1171 leg.
328 1142 397 1162 esse
418 1131 556 1168 videtur,
571 1136 625 1163 aut
647 1132 752 1172 potius
770 1131 844 1173 μηδὲ
867 1132 967 1164 διοικη-

245 1175 331 1205 σίιτω
346 1177 403 1205 τῶν
418 1174 558 1216 δημοσίων
571 1174 671 1216 μηδὲν,
685 1174 760 1217 μηδὲ
776 1175 903 1217 eggan-w.
923 1175 967 1206 nil

247 1218 329 1248 enim
349 1229 479 1249 necesse
501 1224 560 1254 est,
583 1223 618 1249 ut
642 1224 745 1249 orator
768 1220 863 1250 verba
885 1219 967 1259 legis

246 1261 318 1302 ipsa
339 1272 448 1291 severe
473 1266 505 1292 et
525 1262 671 1302 religiose
687 1261 860 1293 reddiderit
875 1268 967 1302 atque

248 1304 435 1341 servaverit,
461 1305 575 1344 quibus
604 1305 636 1335 in
662 1306 767 1337 verbis
796 1306 967 1336 reddendis

245 1347 377 1378 multum
406 1348 466 1378 sibi
492 1348 636 1385 indulsit,
661 1353 696 1379 ut
724 1360 764 1379 ex
790 1348 860 1389 ipsa
885 1349 967 1389 legis

245 1392 378 1422 formula
393 1392 454 1421 11110
469 1402 540 1422 cum
555 1392 625 1423 loco
642 1397 820 1432 comparata
834 1396 966 1423 constat.

288 1445 321 1474 p.
340 1436 391 1464 1'7.
407 1446 439 1465 v.
455 1437 507 1466 10.
528 1435 776 1477 ἀποστελλέσθω]
801 1436 880 1465 Post
894 1437 968 1466 ἀπο-

246 1476 426 1508 στελλέσθω
442 1478 568 1509 videtur
589 1477 661 1519 μηδ’
673 1477 721 1509 ἐπὶ
739 1477 891 1519 πρεσβείαν
914 1479 967 1508 de-

245 1531 327 1558 esse,
344 1521 371 1551 si
386 1521 461 1561 quid
481 1521 559 1553 certi
573 1532 590 1552 e
607 1532 701 1552 versu
713 1526 855 1562 antepen.
869 1532 902 1562 p.
914 1523 967 1554 16.

243 1564 352 1604 colligi
367 1568 482 1604 potest.

288 1607 367 1638 ibid.
384 1619 414 1639 v.
432 1610 484 1640 13.
499 1619 546 1643 τις
561 1609 660 1639 ταῦτα,
675 1607 765 1650 wolfi]
789 1608 857 1639 Ista
878 1606 967 1638 nimi-

245 1661 325 1687 rum,
340 1662 408 1691 quae
427 1651 485 1681 hac
507 1651 577 1692 lege
598 1656 750 1682 vetantur.
774 1651 908 1682 Videtur
923 1655 966 1681 ta-

245 1705 315 1725 men
328 1695 467 1725 formulae
482 1695 588 1734 legum
603 1695 703 1734 magis
716 1698 968 1730 consentaneum,

245 1743 281 1768 ut
306 1738 503 1769 existimetur
526 1744 632 1768 orator
651 1737 778 1767 dedisse
802 1736 849 1768 ἐὰν
872 1737 900 1767 δέ
921 1749 969 1771 τις

245 1782 324 1822 παρὰ
338 1783 437 1811 ταῦτα
454 1780 531 1823 ποιῇ.
575 1781 629 1811 Sin
644 1787 744 1810 autem
756 1782 819 1820 quis
829 1781 968 1811 adversus

246 1823 306 1855 haec
320 1827 432 1855 sancita
443 1825 514 1865 quid
530 1825 712 1854 commiserit.
730 1834 760 1853 v.
776 1833 810 1863 p.
824 1824 876 1852 1’7.
893 1834 921 1853 v.
936 1826 968 1853 1.

243 1871 276 1897 et
292 1878 324 1907 p.
341 1870 394 1898 21.
409 1879 438 1898 v.
456 1869 508 1898 18.

289 1910 317 1950 ἑ.
339 1910 378 1944 ς’.
402 1922 434 1950 p.
462 1912 512 1941 19.
537 1920 568 1939 v.
594 1911 624 1939 6.
649 1907 825 1950 ὑπολαβὼν]
850 1908 967 1948 Taylor

244 1954 442 1984 commendat
464 1950 634 1983 ἀπολαξών.
665 1952 786 1981 Vellem
803 1951 966 1992 exposuis-

247 2001 295 2027 set
310 1997 402 2027 istius
422 1996 569 2026 lectionis
590 1995 653 2026 vim
676 1995 736 2025 hoc
757 1995 850 2033 loco;
874 2005 965 2035 quam

245 2040 359 2071 nullam
377 2051 435 2080 ego
449 2039 592 2079 equidem
609 2038 760 2079 intelligo.
777 2038 881 2068 malim
897 2039 967 2069 ὑπο-

245 2083 354 2119 Βαλῶν,
369 2094 439 2113 cum
458 2082 674 2123 praemisisset,
691 2086 722 2111 et
736 2081 835 2111 veluti
857 2081 967 2111 funda-

245 2131 382 2157 mentum
397 2127 522 2166 aliquod
538 2125 732 2165 subjecisset.
762 2124 897 2164 Vulgata
912 2125 966 2154 de-

244 2170 330 2200 fendi
354 2170 379 2200 si
403 2171 496 2201 debet
517 2175 548 2200 et
569 2173 685 2210 potest,
699 2167 884 2209 accipienda
905 2169 967 2199 erit

244 2224 302 2253 pro
319 2214 478 2254 πςολαβών.

288 2268 321 2298 p.
338 2259 391 2287 20.
408 2268 440 2287 v.
455 2259 487 2288 3.
509 2255 558 2297 γε]
583 2253 748 2286 Revocavi
762 2255 874 2285 bonam
888 2255 966 2285 hanc

246 2305 280 2330 et
296 2301 445 2331 vetustati
461 2301 623 2340 probatam
639 2298 817 2335 lectionem,
832 2309 889 2338 pro
906 2309 967 2338 qua

246 2343 344 2381 Wolf,
373 2349 405 2373 et
434 2345 501 2383 ejus
529 2342 755 2373 festinationem
782 2352 966 2381 erroresque

245 2396 335 2427 paene
347 2397 452 2417 omnes
465 2386 579 2427 ubique
591 2386 729 2415 locorum
744 2396 831 2415 coeca
841 2389 966 2415 secutus

247 2431 308 2461 fide
324 2435 356 2461 et
371 2430 549 2461 obedientia
571 2429 734 2468 Taylorus,
758 2430 813 2469 γᾶς
837 2429 966 2458 suffece-

246 2480 325 2504 rant.
347 2484 381 2513 γε
397 2474 477 2504 idem
493 2477 541 2504 est
554 2478 646 2513 atque
661 2473 728 2513 γᾶς,
741 2472 797 2502 sed
813 2472 890 2502 illud
903 2482 965 2502 ma-

249 2517 297 2557 gis
313 2528 354 2548 ex
370 2517 545 2548 Atticorum
560 2525 658 2546 more.

292 2560 317 2600 ᾗ.
328 2560 364 2600 ζ.
379 2571 410 2600 p.
426 2563 476 2591 20.
490 2572 520 2591 v.
534 2562 586 2590 16.
602 2557 673 2600 ᾠέτο
686 2557 740 2589 δεῖν
752 2557 859 2598 λέγειν]
874 2559 965 2588 Notae

247 2604 395 2644 marginis
410 2602 746 2643 Stepl1.adscripserat
760 2602 872 2641 Taylor
886 2602 965 2637 haec,

248 2647 451 2687 repugnantia
474 2648 529 2677 illa
554 2645 679 2687 quidem
705 2643 965 2675 animadversioni

248 2692 287 2721 ab
307 2691 377 2731 ipso
393 2692 434 2722 ad
454 2692 483 2721 h.
501 2692 522 2721 1.
537 2690 681 2730 proditae.
716 2691 738 2706 “
751 2688 843 2718 Hane
865 2687 965 2719 minus

248 2734 456 2765 necessariam
478 2733 618 2775 διόςθωσιν
635 2733 718 2763 tollit
732 2731 841 2762 Nostri
863 2742 894 2771 p.
912 2733 965 2763 25.

248 2788 278 2808 v.
297 2776 372 2807 14.''

291 2820 368 2851 ibid.
394 2832 425 2851 v.
453 2823 505 2852 24.
529 2820 569 2862 εἰ]
602 2818 740 2851 Subaudi
767 2828 785 2848 a
807 2817 965 2848 communi

249 2863 326 2903 λέγει
348 2862 374 2894 ἒν
395 2862 440 2904 τῷ
461 2864 542 2904 δημῳ
557 2875 575 2894 e
590 2874 683 2894 versu
707 2864 758 2893 18.
803 2861 873 2901 Ego
889 2872 964 2891 vero

248 2906 399 2947 praetuli
388 2920 413 2943 n,
429 2911 463 2937 ut
477 2907 570 2938 etiam
585 2906 616 2937 in
632 2905 877 2959 insequentibus.

289 2949 366 2980 ibid.
380 2961 410 2983 v
427 2961 497 2990 pen.
515 2950 530 2982 ἢ
546 2950 605 2992 διὰ]
622 2948 761 2982 Malim
749 2962 763 2981 η
776 2961 792 2990 p
809 2949 856 2979 διὰ
870 2947 895 2978 δ.
909 2953 964 2979 aut

247 2994 296 3025 cui
308 3004 346 3033 pv
347 2999 438 3032 optor

291 3048 323 3076 p.
347 3039 398 3069 21.
423 3048 452 3067 v.
480 3039 508 3068 6,
533 3036 701 3078 οἰκήσαντα]
732 3035 823 3067 Wolf
846 3036 961 3066 mavult

688 219 921 263 REISKII
954 218 1287 262 ANNOTATA

1002 309 1192 342 &oannes-arra.
1209 321 1279 342 cum
1291 322 1351 352 quo
1366 311 1458 350 facio,
1474 313 1622 354 quicquid
1636 316 1718 352 Tay-

1002 353 1051 383 lor
1077 359 1184 384 contra
1211 355 1304 386 dicat.
1349 356 1490 394 Illorum,
1517 368 1585 397 quae
1609 360 1718 398 jactat,

1003 396 1196 430 Scholiorum
1219 409 1326 450 penes·
1340 410 1390 429 me
1413 400 1539 440 quidem
1565 402 1650 432 nulla
1670 407 1719 432 est

1001 440 1182 479 auctoritas,
1210 442 1292 473 Aldo
1318 442 1448 483 ipsoque
1472 443 1593 475 Wolfio
1612 444 1718 483 junio-

1001 493 1079 513 rum.

1046 525 1123 556 ibid.
1148 537 1178 557 v.
1201 530 1251 559 12.
1267 529 1376 571 κακῶς]
1399 529 1464 560 Hic
1484 528 1547 559 loci
1566 534 1615 560 est
1635 529 1718 560 inor-

1002 572 1085 606 nate,
1108 569 1234 607 inculte,
1254 573 1370 612 jejune.
1415 572 1519 603 Verba
1540 571 1593 603 κᾶν
1616 573 1719 608 ἁπλῶς

1002 593 1147 644 videi1tur
1162 614 1314 645 scholium
1331 625 1413 645 esse.

1044 655 1070 695 ᾗ.
1087 656 1113 688 ἦ.
1138 667 1168 695 p.
1187 659 1239 688 21.
1263 669 1294 688 v.
1317 659 1370 690 25.
1399 657 1482 698 ὑμεις
1505 656 1533 688 δὲ
1556 656 1619 699 τι]
1643 659 1717 690 Scil.

1001 696 1173 731 §wama-re.
1212 701 1266 731 Vos
1279 707 1377 732 autem
1394 701 1490 741 quid?
1512 701 1580 732 scil.
1590 702 1718 744 jecistis.

1002 741 1068 772 Hoc
1081 752 1190 782 nempe.
1205 745 1417 787 (respondet.)
1438 744 1553 775 Novam
1565 745 1656 786 legem
1667 755 1720 776 cv.-

1000 787 1088 816 rastis
1101 787 1198 817 condi.

1044 839 1076 868 p.
1092 830 1144 860 22.
1162 840 1192 861 v.
1209 832 1238 861 2.
1262 829 1451 872 πςοσέταξεν]
1475 830 1612 861 subaudi
1631 830 1718 873 αὐτῇ.

999 872 1072 911 quid
1083 874 1186 912 operis,
1199 874 1271 914 quid
1282 875 1392 916 negotii
1408 874 1526 905 delectis
1540 874 1601 905 illis
1614 875 1650 905 de
1664 863 1719 905 tri-

1000 915 1040 945 bu
1055 916 1229 947 mandavit?

1044 958 1121 989 ibid.
1138 970 1169 989 v.
1188 962 1239 989 11.
1261 971 1317 990 των
1331 957 1457 1001 ῥητὸςων.
1480 959 1529 990 και
1544 958 1590 991 τὸν
1605 958 1667 1000 πεςι
1687 971 1720 990 τ.

1000 1011 1059 1041 ἐτι-ς.
1073 1013 1104 1032 τ.
1118 1008 1151 1041 φ.
1167 1001 1256 1043 νόμον·
1271 1001 1297 1033 ὃν
1311 1001 1480 1045 Τίμαςχος]
1496 1003 1549 1033 Sic
1565 1003 1638 1033 olim
1654 1003 1721 1033 vul-

999 1045 1141 1098 gabatur3
1164 1045 1287 1086 Recepi
1300 1046 1466 1077 lectionem
1486 1045 1630 1077 codicum
1650 1046 1720 1085 plu-

1000 1087 1081 1118 rium
1100 1089 1155 1119 τῶν
1178 1088 1303 1130 ῥητόςων.
1326 1088 1374 1120 τδν
1395 1090 1449 1130 γὰρ
1464 1100 1499 1120 π.
1520 1100 1552 1120 τ.
1575 1100 1624 1130 πς.
1641 1100 1672 1119 τ.
1685 1097 1722 1130 φ.

1000 1129 1082 1171 νόμον
1096 1130 1259 1182 Τι’μοιςχος.
1281 1132 1397 1172 Liquet
1410 1132 1503 1168 enim,
1519 1133 1621 1173 legem
1635 1131 1720 1162 illam

1001 1174 1040 1204 de
1055 1174 1224 1214 praesidatu
1238 1174 1401 1207 tribuum
1390 1186 1422 1206 111
1439 1176 1601 1212 concione,
1616 1185 1721 1215 neque

999 1217 1051 1247 hic
1082 1218 1222 1256 recitari,
1248 1229 1350 1259 neque
1375 1219 1556 1250 AEschinem
1585 1219 1722 1249 voluisse

1001 1270 1070 1291 eam
1095 1270 1113 1290 a
1137 1261 1241 1292 scriba
1262 1266 1329 1292 tum
1356 1262 1491 1292 recitari.
1537 1263 1616 1300 Quae
1638 1262 1721 1293 enim

999 1303 1065 1341 lex,
1082 1308 1134 1335 aut
1150 1305 1235 1345 leges
1250 1305 1369 1344 potius,
1384 1305 1525 1345 protinus
1540 1305 1723 1343 recitantur,

999 1357 1045 1377 eae
1067 1347 1107 1376 ad
1130 1349 1180 1379 την
1204 1347 1370 1390 εὐκοσμίαν,
1391 1349 1542 1388 pudorem
1564 1349 1723 1379 rhetorum

1000 1389 1168 1430 pertinent.

1043 1443 1075 1471 p.
1093 1435 1145 1464 23.
1160 1445 1191 1464 ν.
1207 1430 1273 1464 1.“
1260 1447 1276 1465 η
1294 1433 1356 1474 πεςι
1378 1433 1519 1476 ἑκάστου]
1544 1433 1650 1473 Signis
1666 1444 1722 1473 pa-

1001 1476 1181 1507 rentheseos
1201 1476 1330 1513 inclusi,
1345 1477 1502 1516 quoniam,
1516 1487 1576 1506 non
1594 1487 1612 1506 a.
1626 1477 1722 1507 Scho-

1001 1518 1093 1549 liasta
1102 1520 1227 1559 quidem
1242 1519 1430 1559 nescioquo,
1442 1524 1473 1550 at
1488 1521 1526 1550 ab
1538 1520 1608 1559 ipso
1622 1524 1724 1550 tamen

1001 1562 1164 1600 AEschine,
1173 1563 1392 1594 declarationis
1401 1573 1488 1602 ergo,
1495 1564 1633 1603 subjecta
1643 1567 1725 1599 sunt,

1002 1606 1154 1637 vocabulo
1169 1606 1248 1647 legis
1263 1605 1361 1648 χωρίς.
1397 1606 1472 1636 Pari
1487 1607 1580 1637 modo
1600 1607 1724 1637 eadem-

1003 1660 1063 1689 que
1085 1650 1124 1680 de
1141 1661 1236 1680 causa
1251 1651 1348 1682 verba
1361 1649 1374 1680 ὅ
1388 1648 1475 1684 αὓτός
1489 1650 1550 1686 τοῖς
1564 1649 1663 1684 αὐτοῖς
1678 1649 1724 1682 δη-

1002 1691 1093 1723 λονότι
1107 1692 1232 1723 inclusi.

1046 1735 1124 1766 ibid.
1140 1747 1171 1766 v.
1187 1739 1218 1768 2.
1237 1735 1401 1776 λοιδοςεῗται
1414 1752 1457 1759 -
1468 1734 1589 1776 ἄγοςεῦει
1601 1753 1644 1759 -
1655 1736 1724 1766 ὕπο-

1001 1778 1102 1820 κςούει]
1127 1779 1252 1809 Mutavi
1272 1779 1329 1809 hos
1350 1777 1536 1809 indicativos
1552 1779 1724 1818 conjuncti-

1002 1821 1063 1850 vis.
1078 1821 1268 1861 λοιδοςεῖσθαι
1292 1825 1341 1851 est
1358 1826 1528 1860 praesentem
1548 1823 1582 1852 in
1603 1831 1633 1851 os
1655 1832 1723 1852 con-

1001 1864 1115 1893 vitiari.
1132 1865 1226 1898 κακῶς
1246 1863 1383 1904 ἀγοςεύειν
1405 1868 1455 1894 est
1465 1864 1602 1904 probrose
1615 1869 1644 1895 et
1663 1866 1723 1895 cri-

1002 1907 1109 1942 minose
1120 1907 1157 1936 de
1169 1907 1268 1947 aliquo
1281 1916 1511 1943 commemorare,
1521 1909 1578 1938 sive
1592 1909 1617 1937 is
1630 1908 1724 1944 adest,

1001 1949 1057 1979 sive
1071 1950 1159 1979 abest.
1172 1949 1328 1990 ὑποκςούειν
1342 1954 1390 1980 est
1405 1950 1567 1991 loquentem
1582 1951 1724 1990 interpel-

1002 1992 1076 2027 lare,
1088 1992 1257 2032 obstrepere.

1045 2034 1124 2066 ibid.
1140 2046 1173 2066 v.
1196 2038 1227 2067 3.
1250 2034 1428 2076 ἀνηκέστως]
1452 2035 1491 2066 Id
1507 2040 1556 2066 est
1570 2036 1723 2076 ἀνυπομο-

1001 2077 1100 2115 νῆτως,
1115 2083 1168 2109 aut
1182 2078 1362 2113 ἀπαύστως.
1377 2089 1409 2110 v.
1422 2079 1565 2119 Hesyeh.
1580 2090 1611 2111 v.
1627 2078 1724 2111 ἀνηκέ-

1001 2133 1053 2151 σοιι
1069 2126 1101 2152 et
1115 2121 1286 2153 ἀνηκέστων.

1045 2164 1122 2196 ibid.
1139 2167 1194 2196 τῶν
1207 2166 1250 2205 μὴ
1266 2164 1315 2195 ἔπι
1329 2175 1379 2196 του
1394 2164 1547 2206 βηματος]
1571 2165 1722 2203 Dubium,

1001 2207 1101 2239 utrius
1117 2209 1241 2250 generis
1258 2209 1299 2239 sit
1313 2210 1380 2245 τῶν,
1395 2208 1569 2245 masculini,
1586 2219 1625 2239 an
1646 2219 1723 2239 neu-

1001 2251 1091 2282 trius.
1138 2252 1193 2282 Sin
1208 2252 1366 2292 posterius
1382 2257 1443 2289 est,
1460 2251 1657 2282 desideratur
1672 2251 1723 2281 λέ-

1001 2294 1110 2333 γεσθιιι
1126 2294 1338 2336 (προσηκόντων,
1353 2295 1389 2326 iz's
1404 2296 1440 2325 de
1453 2295 1551 2333 rebus,
1566 2296 1603 2325 de
1617 2295 1724 2335 quibus

1001 2338 1035 2368 in
1058 2345 1200 2380 suggestu
1224 2340 1318 2380 quaeri
1340 2343 1369 2369 et
1393 2339 1543 2378 disputari
1565 2338 1651 2380 nefas
1670 2339 1722 2369 sit.

1001 2381 1058 2411 Sin
1074 2387 1175 2412 autem
1191 2383 1292 2422 prius,
1304 2382 1487 2412 subauditur
1502 2380 1595 2418 ὅντων,
1611 2382 1672 2412 illis
1686 2382 1722 2412 de

1002 2424 1180 2461 hominibus,
1195 2426 1246 2465 qui
1261 2430 1344 2456 extra
1366 2430 1538 2466 suggestum
1552 2425 1622 2455 sint.
1658 2424 1721 2455 Sed

1001 2468 1109 2506 miror,
1123 2479 1180 2499 cur
1194 2468 1226 2498 hi
1243 2468 1301 2499 soli
1317 2479 1334 2498 a
1345 2468 1415 2508 lege
1432 2471 1723 2498 commemorentur.

1002 2513 1127 2552 Ergone
1139 2512 1254 2542 licebat
1270 2512 1301 2542 in
1316 2511 1387 2541 illos
1402 2511 1517 2546 invehi,
1533 2510 1587 2549 qui
1602 2510 1633 2540 in
1648 2521 1722 2551 sug-

1001 2559 1089 2595 gestu
1106 2554 1233 2585 essent?
1247 2554 1300 2594 [In
1317 2553 1495 2584 accessione
1507 2554 1545 2584 ad
1561 2554 1721 2595 Notnlas.]

999 2600 1043 2638 μὴ
1056 2599 1211 2629 sublatum
1226 2598 1298 2628 hinc
1314 2598 1433 2628 colloca
1445 2607 1476 2627 v.
1489 2599 1506 2626 1
1515 2618 1522 2626 .
1537 2607 1617 2637 pone
1629 2595 1645 2627 ἢ
1657 2597 1724 2636 pri-

1000 2652 1096 2678 mum,
1112 2646 1148 2672 ut
1163 2641 1204 2671 sit
1219 2653 1234 2672 η
1255 2642 1297 2680 μὴ
1313 2640 1375 2682 περὶ
1395 2640 1571 2670 ἓκάστου-
1581 2640 1650 2680 weg}
1667 2641 1722 2671 τῶν

1000 2683 1048 2716 ἐπι
1062 2685 1113 2715 τοῦ
1126 2684 1271 2725 βήματος.

1041 2728 1118 2758 ibid.
1134 2739 1164 2758 v.
1175 2730 1206 2758 4.
1223 2724 1472 2767 ποιςοικελεύηται]
1491 2725 1615 2756 Rursus
1630 2725 1721 2755 dubi-

999 2775 1092 2808 tatur,
1107 2776 1210 2801 utrum
1225 2771 1286 2800 hoc
1302 2780 1372 2799 cum
1386 2770 1566 2808 insequente
1581 2767 1628 2799 τὸν
1649 2767 1721 2799 ἐπι-

999 2815 1112 2846 στάτην
1127 2814 1344 2855 copulandum,
1360 2823 1399 2843 an
1422 2813 1460 2842 ab
1484 2822 1521 2842 eo
1542 2812 1720 2852 disjungen-

999 2859 1071 2888 dum
1096 2857 1146 2888 sit.
1192 2856 1287 2887 Prius
1309 2857 1335 2886 si
1355 2856 1468 2892 mavis,
1484 2854 1636 2886 sententia
1660 2859 1719 2886 est.

999 2901 1172 2940 Epistatam
1185 2900 1210 2930 si
1221 2900 1290 2942 quis
1304 2899 1336 2929 in
1350 2899 1497 2929 auxilium
1510 2897 1558 2929 sui
1573 2899 1721 2935 advocet,

998 2945 1178 2975 adhortetur
1193 2944 1230 2974 ad
1249 2942 1362 2974 acriter
1381 2941 1606 2983 pugnandum
1597 2952 1629 2972 111
1645 2952 1718 2971 con-

998 2987 1083 3019 flictu
1099 2988 1263 3018 verborum
1279 2996 1476 3017 manuumve.
1512 2984 1566 3014 Sin
1587 2984 1718 3015 seorsim

996 3043 1052 3072 per
1062 3043 1095 3063 se
1105 3037 1178 3070 stet,
1189 3030 1389 3064 subaudietur
1400 3030 1465 3065 τους
1476 3026 1586 3068 φίλους,
1598 3027 1714 3060 amicos
