1899 3322
401 205 486 247 AD
520 204 620 247 ΟΒ.

94 322 211 344 morum
227 312 382 343 coaluisse
427 312 540 348 idetur,
560 313 682 352 leg-atur
705 310 810 352 ἐλάχι-

93 367 156 386 στα
169 357 283 396 χαλκοῦ
300 355 326 385 δε
317 367 397 391 ε,οιτο
437 367 489 386 nea
503 361 572 385 stur.
575 367 603 384 ea
617 365 644 384 se
655 355 810 383 minimum

93 399 164 441 (aut
180 400 240 434 ml)
256 409 350 439 eger&
376 400 399 427 V
403 400 429 428 el
444 399 535 428 etiam
550 398 606 427 αἰδὲ
598 410 621 426 εν
633 402 747 436 potest,
761 398 810 426 vel

94 452 152 482 pro
175 443 313 472 variante
333 443 467 472 lectione
491 452 557 470 voc.
573 440 738 482 ἐλάχιστα,
761 440 811 469 vel

95 495 152 525 pro
169 486 306 523 ejusdem
320 485 439 515 scholio
455 484 572 514 haberi.

139 527 218 558 ibid.
234 539 265 559 v.
283 530 336 558 13.
351 527 548 568 εἰσπράττειν]
574 528 635 555 Aut
656 526 734 555 bene
760 525 813 554 ba—

95 572 160 605 bet,
173 575 224 600 aut
237 577 320 601 certe
337 576 442 610 potest
453 570 586 600 defendi.
623 568 814 598 Subauditur

96 612 196 644 tamer
208 619 242 643 et
256 624 274 644 a
287 614 441 643 communi
454 611 633 653 ἀπεκξίνατο.
656 612 691 642 Se
681 613 814 652 affigere

95 657 264 706 (praeseus,
279 667 336 698 pro
352 657 467 693 futuro,
482 662 655 687 exacturum
681 655 754 696 esse)
774 656 814 684 ad

97 700 288 730 celeritatem
303 700 496 730 indicandam
513 698 666 728 fortassis.

140 742 168 782 §.
184 741 243 777 λς’.
259 753 293 782 Ρ.
305 745 379 773 216.
395 754 425 772 v.
444 746 477 774 7.
501 741 632 772 {nau-‘52
657 741 704 772 ἤδη
725 738 816 770 τέτα-

96 785 184 827 κται]
207 787 371 825 Abruptue
393 785 496 821 nimis,
520 791 554 816 et
568 789 682 825 praeter
697 794 815 813 morem

97 829 386 869 oratoris,maleque
396 829 554 859 cohaerens
567 829 617 858 hic
630 839 648 858 a
659 827 816 867 prioribus

96 873 136 903 ab
146 871 340 911 insequentia
350 873 509 909 transitus,
521 876 555 902 ut
565 873 727 902 videantur
739 881 817 901 non·

97 915 184 945 nulla
199 916 323 945 deesse.

140 958 217 988 ibid.
243 969 276 989 v.
294 969 366 998 pen.
391 957 496 989 ἔπειτα
517 958 581 1000 καὶ]
617 959 700 988 Bene
723 957 817 987 habet

99 1001 236 1042 vulgata.
251 1000 280 1032 δὲ
295 1006 368 1041 post
382 1001 494 1032 ἔπειτα
510 1002 590 1032 solet
604 1000 716 1031 omitti.

140 1055 174 1084 p.
194 1047 269 1076 218.
285 1055 316 1075 v.
332 1047 362 1075 6.
379 1043 555 1087 ἐπεύχεται]
579 1045 654 1075 Scil.
676 1044 690 1074 ὁ
715 1042 820 1083 ὀμνύων

98 1088 150 1118 vel
166 1089 312 1129 ἀρώμενος.
329 1087 512 1130 ἐπεύχεσθαι
528 1089 666 1119 Helmst.
683 1089 762 1117 bona
777 1088 820 1117 le-

99 1131 175 1162 ctio.
200 1132 268 1162 scil.
289 1131 331 1161 δεῖ
352 1131 399 1162 τὸν
421 1131 581 1172 ὃμγύμενσν.
626 1132 689 1161 Sed
718 1141 820 1169 neque

100 1175 227 1214 vulgata
242 1175 335 1210 mala,
349 1179 384 1204 ut
395 1175 522 1205 dubites
535 1180 634 1205 utram
650 1174 809 1215 praeferas.

144 1218 222 1248 ibid.
239 1229 269 1249 v.
288 1218 344 1247 ult.
358 1218 387 1247 οὐ
401 1217 521 1258 “pir—J
546 1219 616 1248 Non
633 1218 759 1248 videtur
775 1222 821 1247 to-

101 1264 167 1291 tum
194 1261 363 1297 oraculum,
386 1261 442 1291 sed
467 1261 588 1291 initium
613 1261 679 1299 ejus
706 1261 821 1290 solum-

100 1304 195 1335 modo
209 1304 366 1344 posuisse,
379 1308 489 1343 utpote
503 1310 608 1334 notum
625 1303 744 1334 Graecis
757 1308 821 1333 tum

98 1348 252 1387 temporis
279 1348 434 1384 omnibus,
463 1348 515 1388 qui
541 1348 632 1378 facile
656 1347 780 1388 reliqua
804 1358 822 1377 e

101 1392 250 1422 memoria
265 1391 410 1430 supplere
423 1396 562 1430 possent.

146 1434 172 1474 §.
185 1434 241 1476 λζ’.
257 1445 289 1474 p.
305 1437 380 1465 219.
398 1445 428 1464 v.
442 1437 473 1465 9.
485 1432 722 1475 καταπλέοντας]
740 1434 823 1463 Prae-

102 1478 173 1509 tuli.
189 1488 249 1507 uon
265 1478 346 1508 enim
363 1488 380 1507 a
399 1478 745 1517 praeternavigantibus,
768 1487 824 1507 ve-

105 1521 231 1560 ctigalia
252 1520 431 1561 exiguntur,
456 1522 511 1551 sed
538 1523 576 1551 ab
597 1520 824 1560 appellentibus

103 1565 135 1595 in
164 1569 266 1604 portu.
299 1566 413 1603 Neque
439 1564 520 1594 enim
545 1564 823 1603 Amphisse'nsibns

100 1609 153 1647 jus
175 1613 241 1638 erat
263 1608 294 1637 in
322 1607 499 1646 oppositam
526 1607 824 1647 Peloponnesiacam

102 1661 198 1687 oram,
213 1655 248 1680 ut
261 1655 310 1681 est
325 1651 452 1680 Snltano
469 1652 664 1681 Ottomanico
677 1650 708 1680 in
724 1651 825 1680 Euro-

106 1704 154 1734 με
166 1699 259 1733 atque
274 1694 358 1724 Asiae
374 1704 443 1723 oras
459 1695 541 1724 circa
554 1695 676 1724 Sestum
695 1698 726 1723 et
738 1694 825 1732 Aby-

104 1738 191 1774 dum,
207 1743 258 1767 aut
273 1738 342 1776 regi
355 1737 463 1767 Daniae
476 1738 507 1767 in
524 1738 602 1768 freto
616 1737 702 1767 Suncl
717 1737 803 1766 dicto
819 1747 826 1766 ε

105 1791 206 1821 neque
223 1786 294 1810 sunt
311 1781 397 1810 sinus
414 1780 539 1810 Crissaei
555 1786 646 1810 tantae
663 1781 824 1819 angustiae,

103 1829 140 1854 ut
159 1833 253 1855 naves
274 1834 333 1853 uon
357 1823 481 1863 possint
505 1829 630 1863 portum
654 1823 823 1853 cri>saeum

106 1867 234 1898 evitare.
260 1868 391 1897 Praestat
407 1877 482 1907 ergo
491 1865 722 1900 καταπλέοντας
732 1866 823 1896 lecti-

105 1910 157 1941 oni
169 1911 313 1950 vulgatae.

149 1953 176 1994 §.
193 1953 238 1984 λῆ.
254 1964 285 1993 Ρ.
305 1956 382 1985 220.
407 1964 438 1984 v.
454 1955 485 1984 6.
509 1952 700 1993 πυλαγόςους]
729 1953 824 1983 Vide-

105 2001 158 2028 tur
178 1998 321 2028 formatio
345 1998 437 2036 hujus
456 1997 611 2033 vocabuli,
632 1997 672 2026 ad
694 1996 824 2035 primam

106 2041 359 2076 declinationem,
383 2039 551 2081 Πυλαγόςας
576 2041 606 2069 iu
633 2040 824 2070 nominativo

109 2084 271 2124 singulari,
295 2083 470 2114 formationi
493 2084 532 2113 ad
555 2084 722 2113 secundam
747 2094 826 2122 prae-

109 2132 203 2162 stare,
220 2133 252 2157 et
269 2128 443 2167 ubicunque
458 2127 598 2157 locorum
613 2127 673 2156 hoc
690 2127 826 2156 vocabu-

110 2170 175 2201 lum
189 2171 326 2201 occnrrit
340 2171 385 2201 sic
403 2172 578 2206 formatum,
597 2177 629 2200 ut
642 2180 769 2200 necesse
787 2170 827 2200 sit

109 2213 143 2243 id
156 2225 174 2244 a
184 2215 320 2244 secunda
333 2214 539 2244 declinatione
552 2219 706 2253 repetere,
720 2223 826 2243 omnes

108 2257 158 2287 illi
182 2257 243 2287 loci
267 2258 307 2287 ad
331 2258 489 2288 modulum
513 2257 621 2297 primae
641 2257 827 2286 reformandi

106 2310 193 2332 esse.
239 2302 308 2340 Ego
323 2311 505 2341 quamquam
521 2302 580 2330 boc
603 2301 687 2330 adire
704 2300 827 2339 pericu-

107 2343 176 2374 lum
189 2354 250 2374 non
260 2355 367 2380 ausus,
383 2345 494 2384 reliqui
506 2344 684 2384 Πυλαγὸξους
696 2350 728 2374 et
746 2344 829 2373 simi-

110 2386 164 2423 lia,
188 2392 225 2417 ut
244 2387 360 2423 inveni,
382 2389 432 2418 hio
454 2393 555 2418 tamen
577 2394 702 2418 auctore
730 2387 830 2427 Chry-

109 2440 176 2461 soc.
189 2431 318 2461 mutavi.

155 2473 232 2504 ibid.
252 2485 281 2504 v.
296 2477 327 2505 8.
343 2473 477 2515 Λέσβιον]
507 2473 615 2503 Malim
643 2473 775 2508 Λεσβίου,
797 2478 832 2503 ut

112 2526 223 2547 nomeu
240 2517 399 2557 proprium
415 2518 559 2553 hominis,
573 2527 632 2547 non
652 2518 754 2547 Lesbo
770 2516 830 2546 ori-

115 2560 202 2597 undi,
217 2561 274 2591 sed
289 2561 418 2591 Athenis
434 2561 510 2591 nati.
545 2561 678 2590 Lesbius
693 2561 754 2597 bic,
768 2560 832 2600 (sic

115 2603 196 2634 enim
222 2603 345 2635 nomine
369 2614 426 2634 suo
448 2604 579 2644 proprio
605 2603 833 2645 appellabatur)

112 2651 183 2677 erat
205 2652 294 2686 pater
317 2648 409 2687 hujus
424 2647 612 2688 Tbrasyclis.
657 2648 835 2677 Occurrunt

116 2688 149 2719 in
163 2691 257 2721 rebus
270 2691 504 2721 Atheniensium
518 2691 615 2721 multa
627 2691 700 2721 talia
713 2690 837 2720 nomina

116 2732 254 2763 virorum
271 2733 398 2773 propria
413 2744 430 2763 a
446 2733 569 2774 populis
591 2733 695 2770 ducta,
722 2739 754 2763 ut
777 2735 836 2763 La-

117 2785 190 2814 con,
203 2782 235 2807 et
247 2777 512 2813 Lacedaemonius,
528 2778 638 2807 Samus
655 2782 686 2808 et
701 2777 836 2814 Samius,

120 2819 262 2855 Boeotns,
276 2821 456 2856 Thessalus,
471 2826 530 2851 etc.

73 2897 77 2900 ,
163 2872 197 2902 Ρ.
221 2865 295 2894 221.
316 2874 348 2894 v.
373 2865 403 2894 3.
425 2863 490 2905 πρὸς
515 2862 562 2894 τὸν
582 2862 669 2894 καινὸν
693 2865 754 2894 νεὼν
777 2864 839 2904 πρὶν

120 2901 314 2947 ἔξειςγάσῦαι]
334 2906 466 2956 Reliqui
489 2906 665 2944 lectionem,
686 2918 775 2947 quarn
794 2908 839 2937 iu-

121 2949 207 2984 veni,
219 2949 343 2980 tametsi
357 2949 511 2985 vitiosam,
522 2950 593 2989 quia
603 2951 641 2980 de
653 2961 727 2980 vera
737 2961 838 2981 emen-

124 2990 250 3022 datione
264 2993 396 3023 noudum
413 2994 488 3023 satis
503 2998 591 3023 certo
606 2999 736 3024 constat.
780 2995 841 3024 Le-

127 3035 261 3074 gendum
286 3036 412 3067 videtur
433 3035 493 3078 ηδ’-
509 3037 559 3067 ‘rob'
580 3038 670 3068 καινοῦ
696 3039 755 3075 vsi,
781 3037 842 3078 πρὶν

651 203 716 246 IN
749 202 1245 246 CTESIPHONTEM.

1451 193 1561 247 357

846 310 998 353 ἐξηρΞσ-Θαι
1022 310 1071 352 (in
1096 311 1246 342 infinitivo
1274 313 1403 352 perfect.
1430 311 1566 351 passivi)

845 366 943 385 coram
959 364 1030 384 ‘now
1046 356 1163 393 templo,
1181 362 1335 394 antequam
1351 356 1429 385 illud
1442 356 1566 384 salemi-

847 398 900 427 bus
923 399 1095 428 caerimoniis
1119 404 1147 427 et
1167 400 1345 427 car-minibus
1367 400 1565 429 dedicaretur.

847 442 909 471 Aut
929 447 1030 481 potest
1045 439 1202 481 ἓξηρέἱσθαι
1219 442 1255 469 ad
1275 447 1363 470 scuta
1379 452 1500 480 quoque
1518 452 1567 471 re-

847 485 931 514 ferri.
958 485 1122 523 Antequam
1137 484 1189 513 illa
1206 489 1287 513 scuta
1302 490 1554 514 c‹mseci·.arerttttr

891 527 971 561 ibid,
989 538 1018 556 v.
1036 531 1085 557 lt.
1105 526 1277 567 πρσαγομὲνι
1269 527 1310 566 υ]
1336 528 1385 556 Ita
1406 533 1512 557 natant
1527 527 1567 556 li-

849 570 943 600 brarii
961 570 1063 599 Graeci
1086 571 1165 599 inter
1181 581 1342 610 προαγωγσς
1365 575 1395 599 et
1417 581 1467 609 mo
1471 582 1567 609 raym-

848 613 896 652 γὸς
913 614 944 643 in
957 613 1034 644 locis
1051 613 1126 648 illis,
1142 613 1197 643 ubi
1208 614 1247 642 de
1263 613 1425 642 lenonibus
1442 618 1473 642 et
1489 613 1568 643 lenis

850 656 965 696 agitur,
982 662 1015 686 ut
1031 657 1108 686 satis
1119 661 1203 686 certo
1215 657 1349 686 nondum
1361 656 1569 695 disceptatum

851 700 903 734 sit,
914 704 1016 730 utrum
1032 699 1099 730 sine
1110 700 1215 736 sibilo,
1225 710 1260 729 an
1273 710 1342 729 cum
1354 709 1403 736 e0,
1414 700 1571 729 exaranda

850 743 911 773 ista
928 743 1001 778 sint,
1018 748 1083 778 aut,
1107 744 1132 773 si
1149 748 1271 773 constet
1289 748 1389 772 tamen
1410 747 1572 781 praestare,

851 791 886 816 ut
901 786 1012 817 sibilus
1029 786 1196 823 omittatur,
1213 791 1312 816 tamen
1329 786 1462 816 nondum
1476 786 1513 815 ad
1533 785 1573 815 li-

852 829 979 868 quidum
993 831 1159 860 deductum
1184 830 1235 866 sit,
1257 830 1385 860 alteram
1405 829 1573 859 lectionem

853 873 992 903 damnari
1009 879 1165 913 oportere.

896 915 922 956 ᾗ.
941 917 986 947 λῆ.
1002 927 1035 956 p.
1052 919 1125 948 222.
1145 927 1175 946 v.
1191 917 1222 946 4.
1240 914 1305 957 ἐπὶ]
1330 915 1439 945 Malim
1455 913 1527 955 περί.

896 959 973 989 ibid.
989 970 1020 990 v.
1047 962 1077 990 9.
1099 959 1253 1001 κεραμεῖα]
1286 959 1439 989 Videntur
1463 959 1574 988 domus

853 1012 923 1032 esse
950 1003 1098 1033 lateribus
1127 1003 1226 1033 coctis
1250 1007 1446 1037 constructae,
1473 1003 1575 1039 αὔλια,

853 1047 937 1085 quoti
962 1047 1048 1083 dedi,
1075 1052 1201 1083 auc-tore
1228 1046 1418 1086 Chrysocca,
1451 1046 1575 1085 tuguria

854 1090 1011 1120 asseribus
1037 1090 1244 1128 contabulata,
1273 1095 1305 1120 et
1330 1089 1474 1119 stramine
1504 1099 1576 1119 con-

854 1137 949 1163 tecta.

898 1176 924 1215 ξ.
941 1175 995 1206 λ9’.
1018 1186 1050 1215 Ρ.
1073 1177 1148 1207 223.
1170 1187 1201 1206 v.
1225 1178 1277 1206 14.
1302 1175 1441 1217 τοιαῦτα]
1464 1175 1576 1205 ‘Malim

854 1221 966 1255 ταῦτα,
983 1220 1024 1249 ob
1038 1219 1204 1258 insequens
1225 1219 1347 1254 τούτοις,
1367 1223 1399 1248 et
1423 1219 1506 1258 qnod
1529 1218 1576 1248 di-

855 1263 918 1292 ctio
940 1262 988 1291 καὶ
1010 1261 1076 1302 πρὸς
1094 1262 1205 1296 τούτοις
1236 1261 1318 1303 ἕτερα
1333 1264 1431 1292 πολλαὶ
1456 1262 1576 1291 inutilis

857 1306 897 1335 sit
911 1306 1026 1341 futura,
1046 1310 1080 1336 ut
1099 1307 1268 1344 tautologa,
1287 1305 1416 1344 vulgata
1436 1310 1577 1335 manente

857 1349 952 1380 salva.

899 1403 931 1432 p.
951 1393 1026 1423 224.
1042 1401 1075 1421 v.
1091 1395 1124 1422 1.
1140 1390 1188 1421 ἐπὶ
1203 1390 1308 1432 staec]
1339 1392 1384 1422 Ut
1400 1390 1579 1422 Marklandi

857 1435 1046 1476 conjecturae
1068 1445 1123 1464 sua
1150 1434 1229 1464 ratio
1253 1440 1386 1470 constet,
1411 1435 1578 1464 tenendum

857 1479 904 1515 id,
920 1479 1002 1518 quod
1017 1478 1145 1517 Taylori
1161 1479 1271 1514 fuerat,
1287 1483 1443 1513 annotare,
1454 1478 1579 1507 tametsi

858 1523 889 1553 id
909 1522 1135 1561 quodammodo
1157 1532 1198 1551 ex
1215 1523 1281 1560 ejus
1306 1521 1503 1551 annotatione
1527 1531 1581 1551 su-

859 1565 973 1605 spicari
991 1564 1104 1604 possis,
1120 1565 1340 1594 Marklandum
1360 1565 1473 1594 Aldina
1490 1575 1580 1594 usum

859 1619 941 1643 esse,
958 1608 987 1637 in
1005 1617 1076 1647 qua,
1092 1619 1149 1647 pro
1165 1606 1212 1638 ἐπὶ
1238 1607 1337 1642 διετὲς,
1356 1619 1423 1647 quae
1441 1618 1516 1638 vera
1533 1611 1582 1638 est

858 1651 973 1683 Wolfii
990 1651 1176 1687 emendatio,
1191 1651 1307 1690 legitur
1319 1650 1471 1685 ἐπιδόντες.

902 1694 928 1734 §.
945 1695 1002 1733 μά.
1016 1705 1049 1734 Ρ.
1067 1697 1141 1725 227.
1160 1704 1189 1723 v.
1201 1698 1232 1724 4.
1249 1694 1296 1725 τὸν
1311 1693 1482 1735 Φαξσάλισν]
1508 1693 1582 1724 Non

860 1739 993 1767 concilio
1017 1739 1097 1781 bunc
1121 1738 1281 1768 AEsehinis
1307 1738 1408 1767 locum
1432 1748 1502 1767 cum
1526 1737 1582 1767 illo

860 1781 1093 1816 Demosthenis,
1125 1781 1179 1811 ubi
1207 1783 1307 1812 Arcas
1334 1781 1519 1821 appellatur.
1548 1790 1580 1811 v.

859 1835 890 1865 p.
904 1827 981 1856 ⁶179.
998 1827 1029 1854 7.
1045 1825 1096 1891 edO
1114 1825 1155 1854 R

903 1869 929 1908 §.
945 1867 1011 1907 μγ’.
1027 1878 1059 1907 p.
1077 1870 1151 1898 28
1172 1878 1200 1896 v.
1218 1870 1271 1898 20.
1289 1867 1415 1908 Πεξσῶν]
1446 1868 1525 1896 Haec
1542 1867 1582 1896 de

860 1904 958 1942 Persa
976 1916 1008 1941 et
1023 1911 1177 1940 Thebanis
1199 1911 1508 1949 Lacedaemoniisque
1532 1921 1583 1939 re-

859 1955 959 1994 petita
973 1955 1113 1994 exempla
1130 1959 1246 1984 tantum
1263 1955 1362 1989 abest,
1377 1960 1410 1984 ut
1423 1954 1582 1984 AEschinis

860 2009 985 2028 causam
1003 1999 1180 2033 sublevent,
1196 2004 1229 2027 ut
1243 1998 1417 2037 deprimant
1429 1997 1534 2036 potius
1551 2001 1583 2026 et

861 2042 1033 2072 adversarii
1064 2042 1284 2071 Demosthenis
1321 2051 1445 2070 causam
1473 2040 1584 2070 confir·

862 2090 958 2120 ment,
981 2084 1033 2124 qui
1057 2095 1073 2113 e
1098 2089 1144 2113 tot
1163 2084 1344 2123 populorum
1367 2089 1583 2123 tantorumque

863 2128 1025 2163 exscidiis,
1041 2128 1111 2161 hoc,
1124 2128 1204 2167 quod
1221 2138 1413 2166 consequens
1427 2132 1502 2161 erat,
1518 2126 1583 2156 col—

862 2172 951 2211 legit,
966 2171 1076 2210 patriae
1093 2170 1248 2201 interitum
1274 2181 1330 2200 non
1356 2170 1414 2199 sibi
1438 2181 1508 2200 esse
1525 2170 1581 2199 im-

865 2216 1047 2254 putandum,
1064 2215 1118 2244 sed
1141 2215 1279 2244 adversae
1293 2214 1414 2243 cuidam
1432 2214 1507 2244 sorti
1524 2223 1582 2252 pu-

864 2259 965 2295 blicae,
981 2268 1060 2297 quae,
1075 2258 1218 2287 universa
1233 2267 1301 2287 cum
1313 2258 1431 2286 Graecia
1444 2257 1583 2296 populis·

865 2313 935 2341 que,
962 2305 1111 2340 quotquot
1135 2300 1250 2340 cogniti
1274 2309 1338 2330 tuin
1364 2306 1478 2335 essent,
1495 2310 1583 2339 paene

865 2345 1018 2380 omnibus,
1034 2345 1170 2374 Athenas
1189 2355 1308 2383 quoque
1323 2343 1488 2374 obruisset.
1526 2343 1585 2373 ΛΕ-

867 2389 990 2418 schines
1015 2394 1127 2423 autem,
1150 2387 1355 2427 philosophus
1383 2387 1584 2427 subpinguior

865 2432 921 2467 ita,
937 2432 1115 2470 colligebat,
1133 2441 1250 2467 crassa,
1266 2442 1333 2471 quae
1357 2430 1401 2459 illi
1425 2436 1501 2464 erat,
1523 2430 1585 2459 Mi-

867 2486 971 2510 nerva,
991 2475 1179 2505 Macedones
1203 2473 1364 2514 prosperis
1385 2478 1510 2503 utuntur
1537 2483 1585 2502 re-

866 2519 939 2548 bus.
951 2529 1026 2558 ergo
1044 2519 1103 2548 diis
1120 2519 1182 2548 cari
1202 2523 1283 2548 sunt.
1313 2526 1385 2555 ergo
1403 2517 1491 2546 nobis
1508 2516 1585 2546 infe-

870 2563 922 2598 sti,
938 2567 968 2592 et
984 2572 1040 2592 nos
1057 2562 1157 2597 exosi,
1173 2562 1226 2599 qui
1249 2560 1476 2590 Macedonibus
1492 2570 1587 2599 repu-

871 2615 1007 2645 gnamus.
1052 2606 1136 2644 Ergo
1153 2604 1319 2644 religiones
1344 2603 1472 2633 deorum
1490 2603 1586 2633 viola-

871 2649 984 2679 vimus.

915 2703 948 2732 p.
967 2693 1041 2723 229.
1059 2702 1087 2721 v.
1107 2692 1137 2721 3.
1154 2692 1205 2726 τῆς
1221 2700 1253 2719 τε
1270 2689 1347 2728 δόξης
1362 2687 1486 2728 ταύτης]
1511 2688 1588 2718 Glo-

871 2735 925 2766 riae
944 2736 1031 2774 liujus
1047 2739 1139 2764 tantae
1156 2735 1200 2763 rei
1220 2734 1351 2763 feliciter
1367 2733 1529 2761 confectae.

915 2778 990 2808 ibid.
1009 2789 1037 2807 v.
1052 2782 1081 2808 7.
1097 2775 1149 2806 01’;3'
1165 2776 1264 2817 apest]
1292 2777 1411 2815 Egoffiu.
1425 2779 1589 2814 expuncto,

872 2822 953 2861 quod
973 2822 1017 2851 W
1022 2821 1067 2850 olf
1079 2821 1118 2850 de
1135 2830 1189 2849 suo
1209 2820 1306 2849 innuis
1295 2825 1385 2852 erat,
1405 2829 1461 2857 pro
1477 2816 1531 2848 023¹
1548 2817 1589 2857 ὅο-

873 2865 933 2898 ἓῖις
948 2864 1020 2894 dedi
1037 2865 1076 2893 de
1093 2874 1161 2893 meo
1177 2873 1269 2892 sensu
1286 2861 1357 2891 οὐδὲν
1372 2861 1469 2901 ὃξθως.
1486 2862 1589 2891 merito

872 2908 1001 2948 quidem,
1018 2908 1072 2943 ait,
1088 2907 1142 2935 illa
1158 2907 1226 2935 urbs
1243 2907 1277 2935 de
1297 2906 1390 2934 medio
1405 2905 1521 2934 sumata
1538 2910 1591 2940 est,

873 2962 978 2992 (Illlppe
993 2961 1055 2991 (111OE
1064 2931 1188 2979 'nullum
1201 2958 1331 2988 unqll‘ssm
1344 2954 1455 2978 'vetum
1471 2958 1591 2977 &Inum-

874 3004 928 3035 que
953 2994 1109 3025 consilinum
1131 2993 1166 3022 de
1191 3002 1304 3022 summu
1328 2992 1371 3021 rei
1404 2991 1513 3022 Groecae
1543 2990 1590 3031 [b.

875 3048 903 3069 e.
927 3037 1069 3070 libertate
1093 3035 1234 3077 publica]
1259 3036 1433 3076 agitaverat.
1462 3037 1591 3065 Constat
