1965 3322
542 194 624 236 DE
659 191 942 235 AESCHINE
976 188 1283 231 ORATORE.
1583 183 1649 229 xli

168 305 261 342 nolo
289 303 392 342 enim
411 301 563 339 illorum
592 299 882 350 improbitatem
914 297 1056 347 saepius
1079 295 1233 340 referre,
1263 294 1330 332 sed
1352 294 1465 332 unius
1487 299 1637 332 tantum

168 365 238 403 viri
260 365 372 416 probi
395 364 516 401 virtus
537 370 576 400 et
598 362 781 400 honestas
797 373 870 410 per
891 358 1128 402 AEschinem,
1150 364 1193 394 111
1216 357 1462 399 inclarescat,
1482 356 1637 394 faciam.

166 427 248 466 ἔστι
275 427 349 476 γάρ
379 443 434 469 τις
463 424 650 474 ἐπιδημῶν
681 425 783 474 ἡμῶν
811 425 862 464 εἰς
892 424 960 466 τὴν
980 421 1093 457 πόλιν
1116 418 1393 470 Ἀριστοφάνης
1419 415 1638 463 Ὀλύνθιος,

169 495 299 527 narrat
317 494 461 532 orator,
482 489 537 535 (π.
558 483 815 535 Παραπρεσβ.
837 485 868 528 ξ.
887 482 981 534 pff.)
1000 481 1112 532 τοῦτιιο
1143 481 1337 522 συσταθεὶς
1357 481 1428 517 ὑπό
1448 495 1560 516 τινων
1579 481 1639 516 καὶ

168 549 394 601 πυθόμενος,
420 546 724 596 (Demosthenes
755 547 976 590 accusator)
994 547 1043 585 ὡς
1072 545 1185 580 εἰπεῖν
1213 541 1383 587 δύναται,
1403 543 1639 590 ὑπερεκθερα-

169 615 309 655 πεύσας
336 610 450 648 αὐτὸν
469 610 529 646 καὶ
557 609 914 658 προσαγαγόμενος,
942 610 1070 644 τοῦτον
1088 604 1233 642 ἔπειθεν
1254 604 1344 654 ἐμοῦ
1373 605 1418 640 τὰ
1439 601 1554 652 ψευδῆ
1575 617 1639 639 κα-

169 677 414 723 ταμαρτυρεῖν
433 671 523 722 πρὸς
541 671 654 719 ὑμᾶς.
684 667 754 719 κᾷν
769 667 968 720 παρελθὼν
989 667 1144 721 ἐθελήσῃ
1166 669 1394 718 σχετλιάσαι
1415 666 1476 702 καὶ
1497 665 1639 712 λέγειν,

168 738 218 778 ὡς
242 737 294 777 εἷς
319 732 458 771 οἰκείαν
485 734 598 769 αὐτοῦ
626 737 789 780 γυναῖκα
819 731 880 768 καὶ
907 729 1155 781 αἰχμάλωτον
1185 729 1442 779 γεγενημένην
1465 727 1639 779 πεπαρῴ-

170 811 276 844 νηκα,
295 797 543 837 πεντακοσίας
562 794 633 845 μὲν
652 793 720 841 ἤδη
741 793 918 844 δραχμὰς
944 793 1161 842 ὑπισχνεῖτο
1181 793 1278 843 αὐτῷ
1299 790 1443 837 δώσειν,
1461 805 1640 829 πεντακο-

170 861 256 900 σίας
276 856 304 895 δ’
321 855 466 906 ἑτέρας,
485 855 636 894 ἐπειδὰν
656 856 983 908 καταμαρτυρήσῃ.
1014 855 1033 891 ὁ
1063 853 1091 891 δ’
1111 856 1209 906 αὑτῷ
1241 855 1482 903 ἀπεκρίνατο,
1501 855 1552 895 ὡς
1573 853 1639 889 αὒ-

168 918 232 962 τὸς
254 918 428 967 διηγεῖτο,
445 917 500 956 ὅτι
518 925 583 964 τῆς
602 924 724 970 φυγῆς
744 918 803 955 καὶ
823 923 888 962 τῆς
916 917 1107 966 παρούσης
1130 916 1289 966 ἀπορίας
1310 915 1426 967 ἑαυτῷ
1446 916 1487 952 οὐ
1507 920 1639 959 κακῶς,

168 983 256 1019 ἀλλ’
273 984 324 1024 ὡς
344 978 423 1018 οἷόν
441 996 476 1018 τε
497 980 635 1030 ἄριστα
655 979 887 1030 στοχάζοιτο,
904 983 965 1016 τοῦ
992 977 1027 1016 δὲ
1056 980 1191 1029 τρόπου
1210 981 1388 1016 πλεῖστον
1412 977 1466 1023 ε’ίη
1487 976 1642 1027 διημαρ-

169 1043 299 1090 τηκώς.
328 1041 432 1081 οὐδὲν
459 1045 532 1090 γὰρ
556 1043 604 1079 ἂν
624 1046 765 1079 τοιοῦτο
791 1044 940 1091 πρᾶξαι.
997 1040 1098 1077 Puto
1117 1039 1250 1078 statim
1276 1051 1425 1084 omnes,
1456 1038 1524 1088 qui
1555 1038 1642 1077 haec

171 1105 317 1154 legunt,
341 1103 656 1154 Aristophanem,
679 1116 796 1152 quem
826 1113 1027 1151 nunquam
1055 1101 1249 1146 viderunt,
1280 1107 1411 1138 tamen
1436 1100 1488 1137 ob
1508 1099 1643 1151 probi-

171 1172 291 1204 tatem
310 1165 561 1203 vehementer
589 1176 733 1202 amare.
792 1164 936 1202 Nonne
965 1164 1068 1202 enim
1098 1164 1301 1209 honestus,
1323 1162 1392 1213 qui
1420 1161 1643 1202 calamitate

170 1234 211 1266 et
239 1227 373 1279 inopia
393 1240 562 1278 pressus,
589 1226 750 1264 dicendi
779 1226 945 1277 peritus,
966 1225 1166 1265 blanditiis
1189 1231 1230 1264 et
1257 1223 1426 1276 pecunia
1455 1223 1644 1262 sollicita-

170 1297 248 1338 1113,
267 1297 396 1329 tamen
418 1289 522 1339 turpi
542 1289 652 1328 lucro
673 1289 919 1328 honestatem
940 1289 1128 1341 praefert?
1158 1289 1301 1327 Nonne
1323 1286 1402 1326 fide
1423 1285 1584 1337 dignum
1605 1291 1646 1324 et

170 1352 379 1405 probabile
409 1351 607 1401 ejusmodi
637 1351 707 1389 viri
740 1352 1034 1390 testimonium?
1072 1351 1213 1390 Nonne
1249 1362 1374 1388 sermo
1408 1348 1528 1387 animi
1556 1348 1644 1399 ejus

170 1415 462 1466 voluntatisque
483 1415 678 1466 interpres
699 1413 898 1453 idoneus?
927 1415 1069 1453 Nonne
1098 1420 1242 1460 orator,
1264 1413 1333 1464 qui
1354 1413 1441 1451 haec
1462 1412 1644 1459 narravit,

169 1477 386 1529 probabilis
417 1485 457 1516 et
488 1476 691 1516 moratus?
733 1477 945 1516 Verissime
984 1490 1077 1529 ergo
1117 1477 1223 1515 idem
1257 1476 1306 1514 de
1338 1474 1539 1521 AEschine‚
1575 1474 1643 1525 qui

170 1552 297 1577 mores
315 1539 370 1578 ita
397 1539 593 1590 eleganter
613 1539 901 1590 diligenterque
931 1540 1096 1585 notavit,
1119 1538 1331 1590 praedicari
1352 1537 1513 1588 poterit,
1535 1536 1644 1587 quod

173 1601 530 1640 Halicarnassensis
552 1601 763 1652 Dionysius
784 1601 834 1639 de
856 1601 970 1652 Lysia
990 1602 1114 1640 dixit:
1142 1603 1274 1644 ἁπλῶς
1294 1599 1379 1638 οὐδὲ
1397 1601 1516 1650 εὑρεῖν
1535 1599 1645 1637 δύνα-

171 1679 240 1714 μαι
255 1665 356 1714 παρὰ
375 1663 567 1714 τῷγρήτορι
584 1666 696 1714 τούτῳ
718 1664 933 1712 πρόσωπον,
956 1662 1038 1701 οὔτε
1057 1661 1352 1709 ἀνηθοποίητον,
1376 1663 1458 1700 οὔτε
1477 1662 1644 1716 ἄψυχονῗ

738 1791 769 1832 S
792 1790 830 1831 E
852 1790 888 1833 C
911 1792 966 1834 T.
1002 1790 1087 1833 VI.

750 1881 817 1919 De
845 1880 1068 1932 qffectibm.

228 1977 285 2015 Ex
303 1977 508 2016 affectibus
529 1977 569 2016 in
592 1977 834 2015 orationibus
848 1976 1049 2015 AEschinis
1070 1976 1260 2028 imprimis
1282 1976 1362 2014 duo
1382 1976 1647 2023 dominantur,

176 2039 232 2077 ira
256 2045 294 2077 et
329 2039 610 2078 misericordia.
671 2039 725 2077 Ut
753 2039 848 2076 iram
874 2039 1059 2089 judicum
1080 2038 1314 2085 concitaret,
1348 2039 1519 2077 breviter
1539 2052 1647 2077 com-

173 2100 406 2139 memoravit
425 2100 721 2139 Atheniensium
745 2101 951 2139 commoda
980 2108 1020 2140 et
1049 2101 1298 2139 incommoda
1323 2101 1485 2152 publica
1513 2101 1604 2139 inde
1625 2116 1648 2140 a

175 2162 385 2201 Salaminia
404 2175 534 2213 pugna
555 2163 604 2202 ad
627 2176 696 2201 sua
715 2170 906 2214 tempora,
927 2170 968 2202 et
987 2163 1142 2214 docuit,
1164 2164 1232 2214 qui
1248 2162 1393 2201 fuerint
1415 2163 1648 2213 reipublicae

174 2231 354 2264 auctores
375 2225 502 2266 laudis
530 2232 569 2263 et
598 2225 926 2276 reprehensionis,
949 2238 1069 2275 quam
1099 2225 1323 2277 perniciosa
1352 2230 1554 2263 oratorum
1580 2224 1648 2262 1111-

174 2287 350 2339 probitas
370 2287 499 2334 fuerit,
520 2294 560 2326 et
587 2288 789 2338 quomodo
818 2300 948 2326 rerum
978 2287 1076 2326 serie
1106 2294 1146 2326 et
1174 2294 1373 2326 oratorum
1400 2287 1648 2337 quorundam

175 2350 442 2401 imprimisque
463 2351 744 2389 Demosthenis
765 2350 928 2389 avaritia
948 2358 988 2390 et
1008 2350 1246 2403 malignitate
1268 2351 1306 2390 in
1327 2356 1561 2401 praesentem
1578 2350 1650 2389 mi-

175 2414 317 2451 seriam
333 2412 560 2451 ceciderint.
617 2413 719 2452 Nam
741 2413 827 2453 haec
849 2413 979 2452 omnia
999 2415 1048 2452 ad
1067 2413 1287 2452 faciendam
1310 2413 1572 2451 Demostheni
1593 2413 1649 2451 in-

178 2475 324 2514 vidiam
343 2481 384 2514 et
402 2475 632 2514 irritandam
656 2474 838 2525 judicum
859 2476 955 2514 iram
976 2482 1067 2514 sunt
1085 2476 1239 2515 idonea.
1296 2476 1440 2514 Nonne
1461 2475 1561 2513 enim
1581 2488 1651 2513 co-

177 2538 364 2589 gitatione
380 2538 520 2589 priscae
537 2537 704 2576 fortunae
722 2539 1060 2589 praesentiumque
1078 2539 1342 2577 calamitatum
1360 2538 1498 2576 irritati
1514 2543 1652 2576 aucto-

177 2600 284 2638 ribus
301 2613 432 2638 earum
452 2600 683 2639 irascimur?
704 2600 846 2639 Nonne
867 2600 962 2639 odio
983 2601 1188 2652 dignorum
1208 2600 1406 2639 hominum
1427 2605 1465 2638 et
1479 2605 1651 2638 veterum

180 2662 351 2700 hostium
372 2662 642 2707 recordatione
666 2675 757 2714 erga
776 2669 1004 2713 praesentes‚
1033 2663 1101 2713 qui
1122 2669 1212 2701 sunt
1233 2663 1271 2700 in
1293 2668 1489 2713 potestate
1507 2667 1652 2708 nostra,

181 2724 393 2763 severiores
423 2725 589 2763 sumusz
617 2724 760 2762 Nonne
786 2727 938 2763 animus
968 2725 1179 2776 decipitur,
1209 2731 1249 2763 et
1283 2725 1367 2771 hos,
1400 2723 1468 2774 qui
1494 2724 1653 2770 adsunt,

182 2783 296 2823 etiam
325 2786 609 2836 praeteritarum
631 2786 896 2825 calamitatum
924 2794 1106 2826 auctores
1136 2789 1278 2838 putat?
1308 2787 1450 2824 Nonne
1484 2787 1651 2831 miseria,

182 2858 262 2896 qua
295 2848 516 2896 premimur,
546 2854 772 2899 comparata
802 2862 891 2887 011111
926 2849 1093 2896 fortuna,
1132 2862 1210 2899 qua
1242 2849 1335 2887 olim
1370 2849 1466 2887 clari
1496 2848 1653 2895 fuimns,

183 2910 447 2950 vehementius
467 2911 587 2950 afficit
607 2919 647 2950 et
672 2913 822 2951 animos
843 2914 1046 2952 concitat?
1078 2913 1221 2951 Nonne
1241 2912 1488 2963 negligentiae
1509 2918 1652 2950 nostra:

183 2985 255 3010 nos
283 2971 460 3021 poenitet,
488 2972 607 3012 futuri
644 2974 829 3025 temporis
861 2987 993 3012 curam
1030 2975 1208 3024 gerimuS‚
1238 2980 1291 3019 et,
1328 2987 1375 3012 ne
1410 2973 1486 3012 sint
1519 2981 1655 3024 postea

239 3043 342 3071 voL.
367 3045 395 3070 1.
886 3036 955 3086 *g
