<?xml version="1.0" encoding="UTF-8"?>
<!DOCTYPE html PUBLIC "-//W3C//DTD XHTML 1.0 Transitional//EN"
    "http://www.w3.org/TR/xhtml1/DTD/xhtml1-transitional.dtd">
<html xmlns="http://www.w3.org/1999/xhtml" xml:lang="en" lang="en">
 <head>
  <title>
</title>
<meta http-equiv="Content-Type" content="text/html;charset=utf-8" />
  <meta name='ocr-system' content='tesseract 3.04.00' />
  <meta name='ocr-capabilities' content='ocr_page ocr_carea ocr_par ocr_line ocrx_word'/>
</head>
<body>
  <div class='ocr_page' id='page_1' title='image "./oratoresatticie12dobs/oratoresatticie12dobs_0033.png"; bbox 0 0 1981 3322; ppageno 0'>
   <div class='ocr_carea' id='block_1_1' title="bbox 766 193 1672 236">
    <p class='ocr_par' dir='ltr' id='par_1_1' title="bbox 766 193 1672 236">
     <span class='ocr_line' id='line_1_1' title="bbox 766 193 1672 236; baseline -0.001 0"><span class='ocrx_word' id='word_1_1' title='bbox 766 193 1108 236; x_wconf 87' lang='lat' dir='ltr'><strong>PRAEFATIO.</strong></span> <span class='ocrx_word' id='word_1_2' title='bbox 1633 195 1672 235; x_wconf 77' lang='lat' dir='ltr'>xi</span> 
     </span>
    </p>
   </div>
   <div class='ocr_carea' id='block_1_2' title="bbox 191 300 1674 2221">
    <p class='ocr_par' dir='ltr' id='par_1_2' title="bbox 191 300 1674 2221">
     <span class='ocr_line' id='line_1_2' title="bbox 197 300 1671 354; baseline -0.002 -11"><span class='ocrx_word' id='word_1_3' title='bbox 197 304 256 343; x_wconf 90' lang='lat' dir='ltr'>nis</span> <span class='ocrx_word' id='word_1_4' title='bbox 285 302 388 342; x_wconf 87' lang='lat' dir='ltr'>haud</span> <span class='ocrx_word' id='word_1_5' title='bbox 418 301 599 354; x_wconf 84' lang='lat' dir='ltr'>procedit</span> <span class='ocrx_word' id='word_1_6' title='bbox 626 301 690 339; x_wconf 91' lang='lat' dir='ltr'>ille</span> <span class='ocrx_word' id='word_1_7' title='bbox 718 301 848 339; x_wconf 84' lang='lat' dir='ltr'>index.</span> <span class='ocrx_word' id='word_1_8' title='bbox 880 315 927 340; x_wconf 80' lang='lat' dir='ltr'>ex</span> <span class='ocrx_word' id='word_1_9' title='bbox 958 301 1134 352; x_wconf 84' lang='lat' dir='ltr'>epistolis</span> <span class='ocrx_word' id='word_1_10' title='bbox 1155 300 1250 340; x_wconf 83' lang='lat' dir='ltr'>nihil</span> <span class='ocrx_word' id='word_1_11' title='bbox 1271 306 1390 349; x_wconf 82' lang='lat' dir='ltr'>tenet,</span> <span class='ocrx_word' id='word_1_12' title='bbox 1423 316 1510 353; x_wconf 82' lang='lat' dir='ltr'>quae</span> <span class='ocrx_word' id='word_1_13' title='bbox 1534 309 1671 354; x_wconf 82' lang='lat' dir='ltr'>aperte</span> 
     </span>
     <span class='ocr_line' id='line_1_3' title="bbox 197 363 1673 418; baseline -0.001 -13"><span class='ocrx_word' id='word_1_14' title='bbox 197 367 339 418; x_wconf 81' lang='lat' dir='ltr'>spuriae</span> <span class='ocrx_word' id='word_1_15' title='bbox 361 372 464 411; x_wconf 89' lang='lat' dir='ltr'>sunt,</span> <span class='ocrx_word' id='word_1_16' title='bbox 485 378 562 402; x_wconf 90' lang='lat' dir='ltr'>non</span> <span class='ocrx_word' id='word_1_17' title='bbox 584 363 795 409; x_wconf 88' lang='lat' dir='ltr'>AEschinis‚</span> <span class='ocrx_word' id='word_1_18' title='bbox 819 363 886 401; x_wconf 91' lang='lat' dir='ltr'>sed</span> <span class='ocrx_word' id='word_1_19' title='bbox 909 370 1017 402; x_wconf 88' lang='lat' dir='ltr'>certo</span> <span class='ocrx_word' id='word_1_20' title='bbox 1038 363 1184 402; x_wconf 91' lang='lat' dir='ltr'>certius</span> <span class='ocrx_word' id='word_1_21' title='bbox 1209 364 1375 403; x_wconf 86' lang='lat' dir='ltr'>Libanii.</span> <span class='ocrx_word' id='word_1_22' title='bbox 1405 365 1600 403; x_wconf 83' lang='lat' dir='ltr'>addentur</span> <span class='ocrx_word' id='word_1_23' title='bbox 1620 365 1673 402; x_wconf 89' lang='lat' dir='ltr'>illi</span> 
     </span>
     <span class='ocr_line' id='line_1_4' title="bbox 195 425 1671 477; baseline -0.002 -10"><span class='ocrx_word' id='word_1_24' title='bbox 195 429 317 467; x_wconf 90' lang='lat' dir='ltr'>indici</span> <span class='ocrx_word' id='word_1_25' title='bbox 337 428 401 466; x_wconf 82' lang='lat' dir='ltr'>alii</span> <span class='ocrx_word' id='word_1_26' title='bbox 421 427 583 471; x_wconf 85' lang='lat' dir='ltr'>indices,</span> <span class='ocrx_word' id='word_1_27' title='bbox 599 425 789 471; x_wconf 83' lang='lat' dir='ltr'>historici,</span> <span class='ocrx_word' id='word_1_28' title='bbox 807 425 1074 476; x_wconf 84' lang='lat' dir='ltr'>geographici,</span> <span class='ocrx_word' id='word_1_29' title='bbox 1093 432 1133 464; x_wconf 91' lang='lat' dir='ltr'>et</span> <span class='ocrx_word' id='word_1_30' title='bbox 1149 427 1278 477; x_wconf 85' lang='lat' dir='ltr'>legum</span> <span class='ocrx_word' id='word_1_31' title='bbox 1294 426 1344 464; x_wconf 92' lang='lat' dir='ltr'>ab</span> <span class='ocrx_word' id='word_1_32' title='bbox 1362 427 1546 464; x_wconf 87' lang='lat' dir='ltr'>AEschine</span> <span class='ocrx_word' id='word_1_33' title='bbox 1564 440 1671 464; x_wconf 89' lang='lat' dir='ltr'>com-</span> 
     </span>
     <span class='ocr_line' id='line_1_5' title="bbox 194 486 1671 538; baseline -0.002 -10"><span class='ocrx_word' id='word_1_34' title='bbox 194 497 508 529; x_wconf 81' lang='lat' dir='ltr'>memoratarum.</span> <span class='ocrx_word' id='word_1_35' title='bbox 531 490 571 536; x_wconf 79' lang='lat'>3)</span> <span class='ocrx_word' id='word_1_36' title='bbox 587 486 781 524; x_wconf 84' lang='lat' dir='ltr'>AEschinis</span> <span class='ocrx_word' id='word_1_37' title='bbox 796 487 933 525; x_wconf 80' lang='lat' dir='ltr'>Latina</span> <span class='ocrx_word' id='word_1_38' title='bbox 948 487 1219 538; x_wconf 80' lang='lat' dir='ltr'>interpretatio</span> <span class='ocrx_word' id='word_1_39' title='bbox 1235 487 1381 526; x_wconf 82' lang='lat' dir='ltr'>Wolfii.</span> <span class='ocrx_word' id='word_1_40' title='bbox 1411 492 1452 536; x_wconf 88' lang='grc'>4)</span> <span class='ocrx_word' id='word_1_41' title='bbox 1472 488 1553 526; x_wconf 86' lang='lat' dir='ltr'>vita</span> <span class='ocrx_word' id='word_1_42' title='bbox 1566 489 1671 525; x_wconf 88' lang='lat' dir='ltr'>Wol—</span> 
     </span>
     <span class='ocr_line' id='line_1_6' title="bbox 196 549 1670 603; baseline -0.004 -12"><span class='ocrx_word' id='word_1_43' title='bbox 196 553 237 590; x_wconf 89' lang='lat' dir='ltr'>fii</span> <span class='ocrx_word' id='word_1_44' title='bbox 256 553 307 591; x_wconf 94' lang='lat' dir='ltr'>ab</span> <span class='ocrx_word' id='word_1_45' title='bbox 320 553 404 603; x_wconf 86' lang='lat' dir='ltr'>ipso</span> <span class='ocrx_word' id='word_1_46' title='bbox 420 550 580 601; x_wconf 90' lang='lat' dir='ltr'>scripta.</span> <span class='ocrx_word' id='word_1_47' title='bbox 611 551 653 597; x_wconf 73' lang='grc' dir='ltr'>ὃ)</span> <span class='ocrx_word' id='word_1_48' title='bbox 674 549 857 587; x_wconf 77' lang='lat' dir='ltr'>Matthaei</span> <span class='ocrx_word' id='word_1_49' title='bbox 874 550 1029 588; x_wconf 90' lang='lat' dir='ltr'>libellus</span> <span class='ocrx_word' id='word_1_50' title='bbox 1050 550 1299 588; x_wconf 80' lang='lat' dir='ltr'>academicus</span> <span class='ocrx_word' id='word_1_51' title='bbox 1316 551 1365 588; x_wconf 89' lang='lat' dir='ltr'>de</span> <span class='ocrx_word' id='word_1_52' title='bbox 1380 551 1566 589; x_wconf 87' lang='lat' dir='ltr'>AEschine</span> <span class='ocrx_word' id='word_1_53' title='bbox 1582 564 1670 589; x_wconf 89' lang='lat' dir='ltr'>ora-</span> 
     </span>
     <span class='ocr_line' id='line_1_7' title="bbox 196 611 1674 666; baseline -0.003 -11"><span class='ocrx_word' id='word_1_54' title='bbox 196 621 294 666; x_wconf 82' lang='lat' dir='ltr'>tore,</span> <span class='ocrx_word' id='word_1_55' title='bbox 315 614 428 664; x_wconf 91' lang='lat' dir='ltr'>cujus</span> <span class='ocrx_word' id='word_1_56' title='bbox 449 612 687 650; x_wconf 86' lang='lat' dir='ltr'>mentionem</span> <span class='ocrx_word' id='word_1_57' title='bbox 715 612 753 649; x_wconf 91' lang='lat' dir='ltr'>in</span> <span class='ocrx_word' id='word_1_58' title='bbox 781 611 897 662; x_wconf 89' lang='lat' dir='ltr'>hujus</span> <span class='ocrx_word' id='word_1_59' title='bbox 922 611 1168 663; x_wconf 83' lang='lat' dir='ltr'>praefationis</span> <span class='ocrx_word' id='word_1_60' title='bbox 1196 613 1283 664; x_wconf 90' lang='lat' dir='ltr'>ipso</span> <span class='ocrx_word' id='word_1_61' title='bbox 1311 613 1442 651; x_wconf 88' lang='lat' dir='ltr'>limine</span> <span class='ocrx_word' id='word_1_62' title='bbox 1463 613 1674 653; x_wconf 86' lang='lat' dir='ltr'>faciebam.</span> 
     </span>
     <span class='ocr_line' id='line_1_8' title="bbox 195 674 1672 728; baseline -0.002 -13"><span class='ocrx_word' id='word_1_63' title='bbox 195 678 236 728; x_wconf 90' lang='lat'>6)</span> <span class='ocrx_word' id='word_1_64' title='bbox 269 675 426 727; x_wconf 83' lang='lat' dir='ltr'>Taylori</span> <span class='ocrx_word' id='word_1_65' title='bbox 455 674 505 713; x_wconf 91' lang='lat' dir='ltr'>ad</span> <span class='ocrx_word' id='word_1_66' title='bbox 530 674 839 712; x_wconf 88' lang='lat' dir='ltr'>Demosthenem</span> <span class='ocrx_word' id='word_1_67' title='bbox 873 680 914 712; x_wconf 87' lang='lat' dir='ltr'>et</span> <span class='ocrx_word' id='word_1_68' title='bbox 941 674 1166 712; x_wconf 88' lang='lat' dir='ltr'>AEschinem</span> <span class='ocrx_word' id='word_1_69' title='bbox 1193 675 1473 725; x_wconf 84' lang='lat' dir='ltr'>prolegomena</span> <span class='ocrx_word' id='word_1_70' title='bbox 1504 688 1551 713; x_wconf 89' lang='lat' dir='ltr'>ex</span> <span class='ocrx_word' id='word_1_71' title='bbox 1584 674 1672 723; x_wconf 88' lang='lat' dir='ltr'>ejus</span> 
     </span>
     <span class='ocr_line' id='line_1_9' title="bbox 194 735 1672 788; baseline -0.002 -11"><span class='ocrx_word' id='word_1_72' title='bbox 194 737 349 777; x_wconf 90' lang='lat' dir='ltr'>schedis</span> <span class='ocrx_word' id='word_1_73' title='bbox 378 735 596 788; x_wconf 87' lang='lat' dir='ltr'>prodenda.</span> <span class='ocrx_word' id='word_1_74' title='bbox 654 736 906 787; x_wconf 87' lang='lat' dir='ltr'>Plagularum</span> <span class='ocrx_word' id='word_1_75' title='bbox 941 736 972 774; x_wconf 93' lang='lat' dir='ltr'>si</span> <span class='ocrx_word' id='word_1_76' title='bbox 1004 736 1097 786; x_wconf 91' lang='lat' dir='ltr'>quid</span> <span class='ocrx_word' id='word_1_77' title='bbox 1132 737 1337 788; x_wconf 88' lang='lat' dir='ltr'>supererit,</span> <span class='ocrx_word' id='word_1_78' title='bbox 1371 737 1411 775; x_wconf 93' lang='lat' dir='ltr'>id</span> <span class='ocrx_word' id='word_1_79' title='bbox 1449 737 1672 775; x_wconf 74' lang='lat' dir='ltr'>Dinarchus</span> 
     </span>
     <span class='ocr_line' id='line_1_10' title="bbox 197 798 1672 851; baseline -0.002 -12"><span class='ocrx_word' id='word_1_80' title='bbox 197 807 237 839; x_wconf 89' lang='lat' dir='ltr'>et</span> <span class='ocrx_word' id='word_1_81' title='bbox 269 801 470 851; x_wconf 84' lang='lat' dir='ltr'>Lycurgus</span> <span class='ocrx_word' id='word_1_82' title='bbox 508 798 738 848; x_wconf 85' lang='lat' dir='ltr'>implebunt.</span> <span class='ocrx_word' id='word_1_83' title='bbox 797 798 874 836; x_wconf 93' lang='lat' dir='ltr'>Hic</span> <span class='ocrx_word' id='word_1_84' title='bbox 905 805 963 836; x_wconf 86' lang='lat' dir='ltr'>est</span> <span class='ocrx_word' id='word_1_85' title='bbox 995 804 1235 850; x_wconf 89' lang='lat' dir='ltr'>conspectus</span> <span class='ocrx_word' id='word_1_86' title='bbox 1263 799 1426 837; x_wconf 85' lang='lat' dir='ltr'>secundi</span> <span class='ocrx_word' id='word_1_87' title='bbox 1464 798 1672 837; x_wconf 85' lang='lat' dir='ltr'>voluminis</span> 
     </span>
     <span class='ocr_line' id='line_1_11' title="bbox 196 859 1671 911; baseline -0.002 -11"><span class='ocrx_word' id='word_1_88' title='bbox 196 861 411 900; x_wconf 87' lang='lat' dir='ltr'>AEschinei.</span> <span class='ocrx_word' id='word_1_89' title='bbox 439 883 492 890; x_wconf 91' lang='lat'>——</span> <span class='ocrx_word' id='word_1_90' title='bbox 521 859 809 897; x_wconf 90' lang='lat' dir='ltr'>Annotationes</span> <span class='ocrx_word' id='word_1_91' title='bbox 839 873 945 898; x_wconf 87' lang='lat' dir='ltr'>meas</span> <span class='ocrx_word' id='word_1_92' title='bbox 976 861 1043 911; x_wconf 94' lang='lat' dir='ltr'>qui</span> <span class='ocrx_word' id='word_1_93' title='bbox 1076 861 1260 911; x_wconf 89' lang='lat' dir='ltr'>judicare</span> <span class='ocrx_word' id='word_1_94' title='bbox 1290 862 1438 907; x_wconf 90' lang='lat' dir='ltr'>volent,</span> <span class='ocrx_word' id='word_1_95' title='bbox 1468 874 1536 899; x_wconf 87' lang='lat' dir='ltr'>eos</span> <span class='ocrx_word' id='word_1_96' title='bbox 1573 874 1671 910; x_wconf 84' lang='lat' dir='ltr'>rogo</span> 
     </span>
     <span class='ocr_line' id='line_1_12' title="bbox 194 921 1671 974; baseline -0.002 -11"><span class='ocrx_word' id='word_1_97' title='bbox 194 925 462 974; x_wconf 89' lang='lat' dir='ltr'>obtestorque,</span> <span class='ocrx_word' id='word_1_98' title='bbox 484 927 527 960; x_wconf 90' lang='lat' dir='ltr'>ut</span> <span class='ocrx_word' id='word_1_99' title='bbox 557 921 779 960; x_wconf 86' lang='lat' dir='ltr'>meminisse</span> <span class='ocrx_word' id='word_1_100' title='bbox 809 922 940 968; x_wconf 87' lang='lat' dir='ltr'>velint,</span> <span class='ocrx_word' id='word_1_101' title='bbox 962 936 1041 961; x_wconf 91' lang='lat' dir='ltr'>non</span> <span class='ocrx_word' id='word_1_102' title='bbox 1063 923 1247 962; x_wconf 87' lang='lat' dir='ltr'>diuturna</span> <span class='ocrx_word' id='word_1_103' title='bbox 1267 923 1524 961; x_wconf 87' lang='lat' dir='ltr'>meditatione</span> <span class='ocrx_word' id='word_1_104' title='bbox 1545 930 1671 961; x_wconf 88' lang='lat' dir='ltr'>matu-</span> 
     </span>
     <span class='ocr_line' id='line_1_13' title="bbox 194 984 1670 1037; baseline -0.001 -13"><span class='ocrx_word' id='word_1_105' title='bbox 194 992 311 1032; x_wconf 89' lang='lat' dir='ltr'>ratas,</span> <span class='ocrx_word' id='word_1_106' title='bbox 332 998 557 1037; x_wconf 35' lang='lat' dir='ltr'>neque-uno</span> <span class='ocrx_word' id='word_1_107' title='bbox 577 990 756 1035; x_wconf 89' lang='lat' dir='ltr'>tempore</span> <span class='ocrx_word' id='word_1_108' title='bbox 777 984 1034 1036; x_wconf 88' lang='lat' dir='ltr'>conscriptas,</span> <span class='ocrx_word' id='word_1_109' title='bbox 1058 985 1126 1023; x_wconf 90' lang='lat' dir='ltr'>sed</span> <span class='ocrx_word' id='word_1_110' title='bbox 1153 985 1364 1035; x_wconf 88' lang='lat' dir='ltr'>plerasque</span> <span class='ocrx_word' id='word_1_111' title='bbox 1390 991 1570 1023; x_wconf 85' lang='lat' dir='ltr'>currente</span> <span class='ocrx_word' id='word_1_112' title='bbox 1587 985 1670 1035; x_wconf 86' lang='lat' dir='ltr'>jam</span> 
     </span>
     <span class='ocr_line' id='line_1_14' title="bbox 194 1046 1670 1099; baseline -0.001 -13"><span class='ocrx_word' id='word_1_113' title='bbox 194 1048 320 1099; x_wconf 85' lang='lat' dir='ltr'>prelO,</span> <span class='ocrx_word' id='word_1_114' title='bbox 349 1048 492 1086; x_wconf 87' lang='lat' dir='ltr'>effusas</span> <span class='ocrx_word' id='word_1_115' title='bbox 522 1060 620 1085; x_wconf 90' lang='lat' dir='ltr'>esse.</span> <span class='ocrx_word' id='word_1_116' title='bbox 678 1047 770 1090; x_wconf 84' lang='lat' dir='ltr'>Quo</span> <span class='ocrx_word' id='word_1_117' title='bbox 799 1046 949 1084; x_wconf 83' lang='lat' dir='ltr'>factum</span> <span class='ocrx_word' id='word_1_118' title='bbox 979 1053 1052 1092; x_wconf 91' lang='lat' dir='ltr'>est,</span> <span class='ocrx_word' id='word_1_119' title='bbox 1076 1048 1179 1085; x_wconf 88' lang='lat' dir='ltr'>inter</span> <span class='ocrx_word' id='word_1_120' title='bbox 1205 1047 1455 1098; x_wconf 84' lang='lat' dir='ltr'>relegendum</span> <span class='ocrx_word' id='word_1_121' title='bbox 1476 1049 1629 1085; x_wconf 90' lang='lat' dir='ltr'>chartas</span> <span class='ocrx_word' id='word_1_122' title='bbox 1650 1060 1670 1084; x_wconf 87' lang='lat' dir='ltr'>a</span> 
     </span>
     <span class='ocr_line' id='line_1_15' title="bbox 195 1108 1671 1161; baseline 0 -14"><span class='ocrx_word' id='word_1_123' title='bbox 195 1111 304 1161; x_wconf 88' lang='lat' dir='ltr'>prelo</span> <span class='ocrx_word' id='word_1_124' title='bbox 325 1110 498 1147; x_wconf 90' lang='lat' dir='ltr'>madidas</span> <span class='ocrx_word' id='word_1_125' title='bbox 514 1109 597 1147; x_wconf 89' lang='lat' dir='ltr'>aliis</span> <span class='ocrx_word' id='word_1_126' title='bbox 619 1122 666 1147; x_wconf 85' lang='lat' dir='ltr'>ex</span> <span class='ocrx_word' id='word_1_127' title='bbox 693 1109 777 1147; x_wconf 83' lang='lat' dir='ltr'>aliis</span> <span class='ocrx_word' id='word_1_128' title='bbox 802 1108 1136 1155; x_wconf 86' lang='lat' dir='ltr'>succurrentibus,</span> <span class='ocrx_word' id='word_1_129' title='bbox 1158 1110 1225 1147; x_wconf 92' lang='lat' dir='ltr'>ubi</span> <span class='ocrx_word' id='word_1_130' title='bbox 1249 1110 1360 1148; x_wconf 84' lang='lat' dir='ltr'>locus</span> <span class='ocrx_word' id='word_1_131' title='bbox 1390 1123 1467 1147; x_wconf 90' lang='lat' dir='ltr'>non</span> <span class='ocrx_word' id='word_1_132' title='bbox 1497 1110 1671 1155; x_wconf 89' lang='lat' dir='ltr'>daretur,</span> 
     </span>
     <span class='ocr_line' id='line_1_16' title="bbox 194 1170 1671 1223; baseline -0.001 -12"><span class='ocrx_word' id='word_1_133' title='bbox 194 1178 263 1211; x_wconf 85' lang='lat' dir='ltr'>aut</span> <span class='ocrx_word' id='word_1_134' title='bbox 280 1172 516 1223; x_wconf 86' lang='lat' dir='ltr'>posteriores</span> <span class='ocrx_word' id='word_1_135' title='bbox 538 1184 651 1209; x_wconf 88' lang='lat' dir='ltr'>curas</span> <span class='ocrx_word' id='word_1_136' title='bbox 672 1170 858 1218; x_wconf 89' lang='lat' dir='ltr'>addendi,</span> <span class='ocrx_word' id='word_1_137' title='bbox 881 1171 1017 1223; x_wconf 88' lang='lat' dir='ltr'>spatiis</span> <span class='ocrx_word' id='word_1_138' title='bbox 1039 1171 1121 1209; x_wconf 86' lang='lat' dir='ltr'>folii</span> <span class='ocrx_word' id='word_1_139' title='bbox 1138 1171 1331 1222; x_wconf 83' lang='lat' dir='ltr'>cujusque</span> <span class='ocrx_word' id='word_1_140' title='bbox 1347 1173 1430 1222; x_wconf 87' lang='lat' dir='ltr'>jam</span> <span class='ocrx_word' id='word_1_141' title='bbox 1451 1172 1671 1222; x_wconf 83' lang='lat' dir='ltr'>occupatis,</span> 
     </span>
     <span class='ocr_line' id='line_1_17' title="bbox 193 1232 1671 1284; baseline -0.002 -11"><span class='ocrx_word' id='word_1_142' title='bbox 193 1241 262 1273; x_wconf 89' lang='lat' dir='ltr'>aut</span> <span class='ocrx_word' id='word_1_143' title='bbox 282 1247 372 1272; x_wconf 91' lang='lat' dir='ltr'>cum</span> <span class='ocrx_word' id='word_1_144' title='bbox 394 1232 591 1284; x_wconf 89' lang='lat' dir='ltr'>prioribus</span> <span class='ocrx_word' id='word_1_145' title='bbox 612 1233 800 1279; x_wconf 88' lang='lat' dir='ltr'>mutandi,</span> <span class='ocrx_word' id='word_1_146' title='bbox 821 1233 1040 1284; x_wconf 80' lang='lat' dir='ltr'>typothetis</span> <span class='ocrx_word' id='word_1_147' title='bbox 1058 1234 1176 1271; x_wconf 90' lang='lat' dir='ltr'>semel</span> <span class='ocrx_word' id='word_1_148' title='bbox 1197 1247 1219 1272; x_wconf 91' lang='lat' dir='ltr'>a</span> <span class='ocrx_word' id='word_1_149' title='bbox 1238 1248 1278 1272; x_wconf 89' lang='lat' dir='ltr'>se</span> <span class='ocrx_word' id='word_1_150' title='bbox 1295 1235 1509 1272; x_wconf 81' lang='lat' dir='ltr'>constituta</span> <span class='ocrx_word' id='word_1_151' title='bbox 1530 1234 1671 1272; x_wconf 88' lang='lat' dir='ltr'>mutari</span> 
     </span>
     <span class='ocr_line' id='line_1_18' title="bbox 191 1296 1670 1348; baseline -0.001 -13"><span class='ocrx_word' id='word_1_152' title='bbox 191 1311 294 1348; x_wconf 79' lang='lat' dir='ltr'>aegre</span> <span class='ocrx_word' id='word_1_153' title='bbox 326 1297 554 1343; x_wconf 84' lang='lat' dir='ltr'>ferentibus,</span> <span class='ocrx_word' id='word_1_154' title='bbox 576 1302 619 1334; x_wconf 91' lang='lat' dir='ltr'>ut</span> <span class='ocrx_word' id='word_1_155' title='bbox 648 1296 1003 1335; x_wconf 87' lang='lat' dir='ltr'>observatiunculae</span> <span class='ocrx_word' id='word_1_156' title='bbox 1035 1310 1143 1344; x_wconf 79' lang='lat' dir='ltr'>meae,</span> <span class='ocrx_word' id='word_1_157' title='bbox 1164 1297 1252 1335; x_wconf 84' lang='lat' dir='ltr'>aliae</span> <span class='ocrx_word' id='word_1_158' title='bbox 1283 1296 1354 1348; x_wconf 83' lang='lat' dir='ltr'>p&#39;er</span> <span class='ocrx_word' id='word_1_159' title='bbox 1381 1298 1670 1348; x_wconf 88' lang='lat' dir='ltr'>supplementa,</span> 
     </span>
     <span class='ocr_line' id='line_1_19' title="bbox 191 1358 1671 1411; baseline -0.001 -13"><span class='ocrx_word' id='word_1_160' title='bbox 191 1361 277 1398; x_wconf 84' lang='lat' dir='ltr'>aliae</span> <span class='ocrx_word' id='word_1_161' title='bbox 296 1373 366 1411; x_wconf 90' lang='lat' dir='ltr'>per</span> <span class='ocrx_word' id='word_1_162' title='bbox 386 1359 527 1397; x_wconf 91' lang='lat' dir='ltr'>librum</span> <span class='ocrx_word' id='word_1_163' title='bbox 557 1358 802 1406; x_wconf 87' lang='lat' dir='ltr'>variantium,</span> <span class='ocrx_word' id='word_1_164' title='bbox 832 1359 920 1396; x_wconf 88' lang='lat' dir='ltr'>aliae</span> <span class='ocrx_word' id='word_1_165' title='bbox 946 1373 1018 1410; x_wconf 88' lang='lat' dir='ltr'>per</span> <span class='ocrx_word' id='word_1_166' title='bbox 1045 1359 1212 1397; x_wconf 87' lang='lat' dir='ltr'>indicem</span> <span class='ocrx_word' id='word_1_167' title='bbox 1247 1366 1533 1411; x_wconf 83' lang='lat' dir='ltr'>spargerentur.</span> <span class='ocrx_word' id='word_1_168' title='bbox 1593 1359 1671 1405; x_wconf 85' lang='lat' dir='ltr'>Qui</span> 
     </span>
     <span class='ocr_line' id='line_1_20' title="bbox 193 1421 1672 1472; baseline -0.001 -11"><span class='ocrx_word' id='word_1_169' title='bbox 193 1423 311 1461; x_wconf 85' lang='lat' dir='ltr'>index</span> <span class='ocrx_word' id='word_1_170' title='bbox 331 1435 421 1461; x_wconf 89' lang='lat' dir='ltr'>cum</span> <span class='ocrx_word' id='word_1_171' title='bbox 442 1428 546 1460; x_wconf 92' lang='lat' dir='ltr'>esset</span> <span class='ocrx_word' id='word_1_172' title='bbox 569 1421 720 1460; x_wconf 90' lang='lat' dir='ltr'>dudum</span> <span class='ocrx_word' id='word_1_173' title='bbox 740 1428 830 1460; x_wconf 88' lang='lat' dir='ltr'>ante</span> <span class='ocrx_word' id='word_1_174' title='bbox 851 1422 1070 1469; x_wconf 81' lang='lat' dir='ltr'>confectus,</span> <span class='ocrx_word' id='word_1_175' title='bbox 1092 1435 1208 1472; x_wconf 88' lang='lat' dir='ltr'>quam</span> <span class='ocrx_word' id='word_1_176' title='bbox 1230 1422 1426 1461; x_wconf 90' lang='lat' dir='ltr'>AEschinis</span> <span class='ocrx_word' id='word_1_177' title='bbox 1447 1422 1672 1460; x_wconf 84' lang='lat' dir='ltr'>excudendi</span> 
     </span>
     <span class='ocr_line' id='line_1_21' title="bbox 193 1485 1671 1536; baseline -0.001 -13"><span class='ocrx_word' id='word_1_178' title='bbox 193 1485 306 1524; x_wconf 85' lang='lat' dir='ltr'>fieret</span> <span class='ocrx_word' id='word_1_179' title='bbox 321 1485 489 1530; x_wconf 88' lang='lat' dir='ltr'>initium,</span> <span class='ocrx_word' id='word_1_180' title='bbox 511 1498 650 1523; x_wconf 90' lang='lat' dir='ltr'>vereor</span> <span class='ocrx_word' id='word_1_181' title='bbox 668 1498 715 1523; x_wconf 93' lang='lat' dir='ltr'>ne</span> <span class='ocrx_word' id='word_1_182' title='bbox 736 1485 884 1523; x_wconf 87' lang='lat' dir='ltr'>factum</span> <span class='ocrx_word' id='word_1_183' title='bbox 906 1485 956 1523; x_wconf 89' lang='lat' dir='ltr'>sit</span> <span class='ocrx_word' id='word_1_184' title='bbox 975 1485 1116 1536; x_wconf 88' lang='lat' dir='ltr'>passim</span> <span class='ocrx_word' id='word_1_185' title='bbox 1137 1485 1329 1531; x_wconf 89' lang='lat' dir='ltr'>locorum,</span> <span class='ocrx_word' id='word_1_186' title='bbox 1351 1490 1394 1523; x_wconf 91' lang='lat' dir='ltr'>ut</span> <span class='ocrx_word' id='word_1_187' title='bbox 1414 1485 1497 1536; x_wconf 88' lang='lat' dir='ltr'>ipse</span> <span class='ocrx_word' id='word_1_188' title='bbox 1518 1498 1671 1523; x_wconf 90' lang='lat' dir='ltr'>mecum</span> 
     </span>
     <span class='ocr_line' id='line_1_22' title="bbox 194 1548 1672 1600; baseline -0.001 -13"><span class='ocrx_word' id='word_1_189' title='bbox 194 1549 422 1594; x_wconf 90' lang='lat' dir='ltr'>dissideam,</span> <span class='ocrx_word' id='word_1_190' title='bbox 444 1548 522 1586; x_wconf 87' lang='lat' dir='ltr'>alia</span> <span class='ocrx_word' id='word_1_191' title='bbox 542 1548 582 1585; x_wconf 93' lang='lat' dir='ltr'>in</span> <span class='ocrx_word' id='word_1_192' title='bbox 604 1548 937 1594; x_wconf 90' lang='lat' dir='ltr'>annotationibus,</span> <span class='ocrx_word' id='word_1_193' title='bbox 959 1549 1035 1586; x_wconf 88' lang='lat' dir='ltr'>alia</span> <span class='ocrx_word' id='word_1_194' title='bbox 1055 1549 1093 1586; x_wconf 88' lang='lat' dir='ltr'>in</span> <span class='ocrx_word' id='word_1_195' title='bbox 1114 1549 1312 1587; x_wconf 89' lang='lat' dir='ltr'>indicibus</span> <span class='ocrx_word' id='word_1_196' title='bbox 1333 1549 1504 1587; x_wconf 87' lang='lat' dir='ltr'>tradens.</span> <span class='ocrx_word' id='word_1_197' title='bbox 1563 1550 1672 1600; x_wconf 87' lang='lat' dir='ltr'>Ope-</span> 
     </span>
     <span class='ocr_line' id='line_1_23' title="bbox 195 1608 1672 1662; baseline 0.001 -15"><span class='ocrx_word' id='word_1_198' title='bbox 195 1610 246 1648; x_wconf 91' lang='lat' dir='ltr'>ris</span> <span class='ocrx_word' id='word_1_199' title='bbox 263 1608 514 1655; x_wconf 75' lang='lat' dir='ltr'>tumultuarii,</span> <span class='ocrx_word' id='word_1_200' title='bbox 537 1622 614 1646; x_wconf 91' lang='lat' dir='ltr'>non</span> <span class='ocrx_word' id='word_1_201' title='bbox 635 1622 714 1646; x_wconf 90' lang='lat' dir='ltr'>uno</span> <span class='ocrx_word' id='word_1_202' title='bbox 736 1609 847 1659; x_wconf 90' lang='lat' dir='ltr'>quasi</span> <span class='ocrx_word' id='word_1_203' title='bbox 873 1609 1031 1660; x_wconf 85' lang='lat' dir='ltr'>spiritus</span> <span class='ocrx_word' id='word_1_204' title='bbox 1059 1616 1202 1657; x_wconf 81' lang='lat' dir='ltr'>tractu,</span> <span class='ocrx_word' id='word_1_205' title='bbox 1225 1624 1302 1648; x_wconf 90' lang='lat' dir='ltr'>non</span> <span class='ocrx_word' id='word_1_206' title='bbox 1329 1610 1378 1648; x_wconf 87' lang='lat' dir='ltr'>ad</span> <span class='ocrx_word' id='word_1_207' title='bbox 1408 1616 1533 1648; x_wconf 91' lang='lat' dir='ltr'>certas</span> <span class='ocrx_word' id='word_1_208' title='bbox 1554 1611 1672 1662; x_wconf 85' lang='lat' dir='ltr'>leges,</span> 
     </span>
     <span class='ocr_line' id='line_1_24' title="bbox 194 1670 1671 1723; baseline 0.002 -14"><span class='ocrx_word' id='word_1_209' title='bbox 194 1672 319 1709; x_wconf 89' lang='lat' dir='ltr'>multo</span> <span class='ocrx_word' id='word_1_210' title='bbox 338 1677 428 1709; x_wconf 91' lang='lat' dir='ltr'>ante</span> <span class='ocrx_word' id='word_1_211' title='bbox 448 1670 634 1721; x_wconf 85' lang='lat' dir='ltr'>praevisas</span> <span class='ocrx_word' id='word_1_212' title='bbox 655 1677 774 1721; x_wconf 88' lang='lat' dir='ltr'>atque</span> <span class='ocrx_word' id='word_1_213' title='bbox 795 1671 1028 1709; x_wconf 87' lang='lat' dir='ltr'>constitutas</span> <span class='ocrx_word' id='word_1_214' title='bbox 1051 1672 1255 1718; x_wconf 89' lang='lat' dir='ltr'>elaborati,</span> <span class='ocrx_word' id='word_1_215' title='bbox 1277 1686 1408 1723; x_wconf 88' lang='lat' dir='ltr'>neque</span> <span class='ocrx_word' id='word_1_216' title='bbox 1428 1674 1671 1712; x_wconf 88' lang='lat' dir='ltr'>retractatio-</span> 
     </span>
     <span class='ocr_line' id='line_1_25' title="bbox 193 1732 1674 1785; baseline 0.002 -15"><span class='ocrx_word' id='word_1_217' title='bbox 193 1732 310 1771; x_wconf 90' lang='lat' dir='ltr'>nibus</span> <span class='ocrx_word' id='word_1_218' title='bbox 332 1744 434 1783; x_wconf 89' lang='lat' dir='ltr'>saepe</span> <span class='ocrx_word' id='word_1_219' title='bbox 456 1732 634 1782; x_wconf 87' lang='lat' dir='ltr'>repetitis</span> <span class='ocrx_word' id='word_1_220' title='bbox 654 1732 832 1783; x_wconf 80' lang='lat' dir='ltr'>expoliti,</span> <span class='ocrx_word' id='word_1_221' title='bbox 855 1732 923 1770; x_wconf 90' lang='lat' dir='ltr'>sed</span> <span class='ocrx_word' id='word_1_222' title='bbox 951 1745 971 1770; x_wconf 87' lang='lat' dir='ltr'>a</span> <span class='ocrx_word' id='word_1_223' title='bbox 999 1734 1146 1773; x_wconf 87' lang='lat' dir='ltr'>crebris</span> <span class='ocrx_word' id='word_1_224' title='bbox 1174 1734 1557 1785; x_wconf 88' lang='lat' dir='ltr'>interpellationibus</span> <span class='ocrx_word' id='word_1_225' title='bbox 1584 1748 1674 1773; x_wconf 85' lang='lat' dir='ltr'>con-</span> 
     </span>
     <span class='ocr_line' id='line_1_26' title="bbox 194 1794 1672 1848; baseline 0.001 -15"><span class='ocrx_word' id='word_1_226' title='bbox 194 1794 357 1842; x_wconf 87' lang='lat' dir='ltr'>turbati,</span> <span class='ocrx_word' id='word_1_227' title='bbox 389 1799 429 1832; x_wconf 92' lang='lat' dir='ltr'>et</span> <span class='ocrx_word' id='word_1_228' title='bbox 460 1794 573 1844; x_wconf 87' lang='lat' dir='ltr'>quasi</span> <span class='ocrx_word' id='word_1_229' title='bbox 608 1794 796 1832; x_wconf 89' lang='lat' dir='ltr'>maculosi</span> <span class='ocrx_word' id='word_1_230' title='bbox 827 1794 938 1846; x_wconf 84' lang='lat' dir='ltr'>facti,</span> <span class='ocrx_word' id='word_1_231' title='bbox 972 1794 1056 1833; x_wconf 84' lang='lat' dir='ltr'>fieri</span> <span class='ocrx_word' id='word_1_232' title='bbox 1090 1796 1241 1847; x_wconf 86' lang='lat' dir='ltr'>nequit,</span> <span class='ocrx_word' id='word_1_233' title='bbox 1267 1803 1310 1835; x_wconf 87' lang='lat' dir='ltr'>ut</span> <span class='ocrx_word' id='word_1_234' title='bbox 1341 1803 1472 1848; x_wconf 90' lang='lat' dir='ltr'>partes</span> <span class='ocrx_word' id='word_1_235' title='bbox 1502 1797 1604 1835; x_wconf 90' lang='lat' dir='ltr'>inter</span> <span class='ocrx_word' id='word_1_236' title='bbox 1631 1811 1672 1835; x_wconf 91' lang='lat' dir='ltr'>se</span> 
     </span>
     <span class='ocr_line' id='line_1_27' title="bbox 192 1856 1673 1910; baseline 0.001 -15"><span class='ocrx_word' id='word_1_237' title='bbox 192 1870 325 1895; x_wconf 89' lang='lat' dir='ltr'>omues</span> <span class='ocrx_word' id='word_1_238' title='bbox 353 1856 580 1895; x_wconf 88' lang='lat' dir='ltr'>concinant.</span> <span class='ocrx_word' id='word_1_239' title='bbox 639 1856 814 1907; x_wconf 86' lang='lat' dir='ltr'>Singulis</span> <span class='ocrx_word' id='word_1_240' title='bbox 843 1858 1099 1896; x_wconf 89' lang='lat' dir='ltr'>semestribus</span> <span class='ocrx_word' id='word_1_241' title='bbox 1126 1859 1333 1910; x_wconf 90' lang='lat' dir='ltr'>prodenda</span> <span class='ocrx_word' id='word_1_242' title='bbox 1364 1859 1458 1897; x_wconf 90' lang='lat' dir='ltr'>mihi</span> <span class='ocrx_word' id='word_1_243' title='bbox 1483 1872 1572 1897; x_wconf 90' lang='lat' dir='ltr'>cum</span> <span class='ocrx_word' id='word_1_244' title='bbox 1595 1860 1673 1898; x_wconf 89' lang='lat' dir='ltr'>sint</span> 
     </span>
     <span class='ocr_line' id='line_1_28' title="bbox 192 1918 1672 1972; baseline 0.003 -16"><span class='ocrx_word' id='word_1_245' title='bbox 192 1918 344 1970; x_wconf 84' lang='lat' dir='ltr'>singula</span> <span class='ocrx_word' id='word_1_246' title='bbox 361 1918 559 1957; x_wconf 87' lang='lat' dir='ltr'>volumina</span> <span class='ocrx_word' id='word_1_247' title='bbox 585 1918 676 1957; x_wconf 91' lang='lat' dir='ltr'>huic</span> <span class='ocrx_word' id='word_1_248' title='bbox 705 1918 859 1967; x_wconf 86' lang='lat' dir='ltr'>similia,</span> <span class='ocrx_word' id='word_1_249' title='bbox 881 1920 1018 1971; x_wconf 89' lang='lat' dir='ltr'>ecquis</span> <span class='ocrx_word' id='word_1_250' title='bbox 1044 1934 1123 1959; x_wconf 89' lang='lat' dir='ltr'>non</span> <span class='ocrx_word' id='word_1_251' title='bbox 1151 1921 1344 1972; x_wconf 84' lang='lat' dir='ltr'>intelligit,</span> <span class='ocrx_word' id='word_1_252' title='bbox 1376 1935 1437 1959; x_wconf 89' lang='lat' dir='ltr'>me</span> <span class='ocrx_word' id='word_1_253' title='bbox 1458 1935 1480 1960; x_wconf 88' lang='lat' dir='ltr'>a</span> <span class='ocrx_word' id='word_1_254' title='bbox 1500 1928 1672 1961; x_wconf 87' lang='lat' dir='ltr'>torrente</span> 
     </span>
     <span class='ocr_line' id='line_1_29' title="bbox 194 1981 1672 2037; baseline 0.001 -16"><span class='ocrx_word' id='word_1_255' title='bbox 194 1982 306 2033; x_wconf 89' lang='lat' dir='ltr'>quasi</span> <span class='ocrx_word' id='word_1_256' title='bbox 323 1981 494 2029; x_wconf 87' lang='lat' dir='ltr'>aufferri,</span> <span class='ocrx_word' id='word_1_257' title='bbox 520 1987 589 2020; x_wconf 80' lang='lat' dir='ltr'>aut</span> <span class='ocrx_word' id='word_1_258' title='bbox 608 1988 794 2033; x_wconf 88' lang='lat' dir='ltr'>tanquam</span> <span class='ocrx_word' id='word_1_259' title='bbox 818 1996 840 2020; x_wconf 89' lang='lat' dir='ltr'>a</span> <span class='ocrx_word' id='word_1_260' title='bbox 861 1983 1039 2022; x_wconf 87' lang='lat' dir='ltr'>machina</span> <span class='ocrx_word' id='word_1_261' title='bbox 1061 1984 1229 2034; x_wconf 88' lang='lat' dir='ltr'>quadam</span> <span class='ocrx_word' id='word_1_262' title='bbox 1250 1984 1466 2023; x_wconf 88' lang='lat' dir='ltr'>invincibili</span> <span class='ocrx_word' id='word_1_263' title='bbox 1485 1985 1559 2036; x_wconf 83' lang='lat' dir='ltr'>agi,</span> <span class='ocrx_word' id='word_1_264' title='bbox 1582 1999 1672 2037; x_wconf 86' lang='lat' dir='ltr'>quae</span> 
     </span>
     <span class='ocr_line' id='line_1_30' title="bbox 193 2044 1670 2098; baseline 0.002 -15"><span class='ocrx_word' id='word_1_265' title='bbox 193 2058 256 2083; x_wconf 89' lang='lat' dir='ltr'>me</span> <span class='ocrx_word' id='word_1_266' title='bbox 273 2057 351 2083; x_wconf 90' lang='lat' dir='ltr'>non</span> <span class='ocrx_word' id='word_1_267' title='bbox 367 2044 538 2095; x_wconf 83' lang='lat' dir='ltr'>patiatur</span> <span class='ocrx_word' id='word_1_268' title='bbox 553 2045 780 2091; x_wconf 86' lang='lat' dir='ltr'>consistere,</span> <span class='ocrx_word' id='word_1_269' title='bbox 802 2051 870 2084; x_wconf 88' lang='lat' dir='ltr'>aut</span> <span class='ocrx_word' id='word_1_270' title='bbox 891 2059 1083 2097; x_wconf 90' lang='lat' dir='ltr'>suspenso</span> <span class='ocrx_word' id='word_1_271' title='bbox 1101 2046 1204 2097; x_wconf 89' lang='lat' dir='ltr'>pede</span> <span class='ocrx_word' id='word_1_272' title='bbox 1223 2047 1451 2098; x_wconf 87' lang='lat' dir='ltr'>procedere.</span> <span class='ocrx_word' id='word_1_273' title='bbox 1509 2048 1670 2086; x_wconf 87' lang='lat' dir='ltr'>Interim</span> 
     </span>
     <span class='ocr_line' id='line_1_31' title="bbox 195 2106 1671 2162; baseline 0.003 -18"><span class='ocrx_word' id='word_1_274' title='bbox 195 2112 282 2145; x_wconf 89' lang='lat' dir='ltr'>esto</span> <span class='ocrx_word' id='word_1_275' title='bbox 299 2106 386 2144; x_wconf 87' lang='lat' dir='ltr'>haec</span> <span class='ocrx_word' id='word_1_276' title='bbox 406 2119 527 2158; x_wconf 89' lang='lat' dir='ltr'>opera</span> <span class='ocrx_word' id='word_1_277' title='bbox 546 2106 722 2145; x_wconf 84' lang='lat' dir='ltr'>AEschini</span> <span class='ocrx_word' id='word_1_278' title='bbox 744 2120 767 2145; x_wconf 87' lang='lat' dir='ltr'>a</span> <span class='ocrx_word' id='word_1_279' title='bbox 788 2121 850 2146; x_wconf 88' lang='lat' dir='ltr'>me</span> <span class='ocrx_word' id='word_1_280' title='bbox 876 2114 1016 2147; x_wconf 88' lang='lat' dir='ltr'>navata</span> <span class='ocrx_word' id='word_1_281' title='bbox 1035 2109 1231 2161; x_wconf 88' lang='lat' dir='ltr'>specimen</span> <span class='ocrx_word' id='word_1_282' title='bbox 1259 2109 1358 2160; x_wconf 90' lang='lat' dir='ltr'>ejus,</span> <span class='ocrx_word' id='word_1_283' title='bbox 1388 2123 1503 2162; x_wconf 89' lang='lat' dir='ltr'>quam</span> <span class='ocrx_word' id='word_1_284' title='bbox 1532 2111 1671 2149; x_wconf 90' lang='lat' dir='ltr'>Demo-</span> 
     </span>
     <span class='ocr_line' id='line_1_32' title="bbox 196 2168 833 2221; baseline 0.003 -14"><span class='ocrx_word' id='word_1_285' title='bbox 196 2168 325 2208; x_wconf 87' lang='lat' dir='ltr'>stheni</span> <span class='ocrx_word' id='word_1_286' title='bbox 344 2169 464 2220; x_wconf 85' lang='lat' dir='ltr'>paulo</span> <span class='ocrx_word' id='word_1_287' title='bbox 482 2175 575 2220; x_wconf 89' lang='lat' dir='ltr'>post</span> <span class='ocrx_word' id='word_1_288' title='bbox 593 2169 833 2221; x_wconf 87' lang='lat' dir='ltr'>impendam.</span> 
     </span>
    </p>
   </div>
   <div class='ocr_carea' id='block_1_3' title="bbox 806 2345 1070 2400">
    <p class='ocr_par' dir='ltr' id='par_1_3' title="bbox 806 2345 1070 2400">
     <span class='ocr_line' id='line_1_33' title="bbox 806 2345 1070 2400; baseline 0 -1"><span class='ocrx_word' id='word_1_289' title='bbox 806 2345 980 2400; x_wconf 84' lang='lat' dir='ltr'><strong>SECT.</strong></span> <span class='ocrx_word' id='word_1_290' title='bbox 1011 2356 1070 2399; x_wconf 86' lang='lat' dir='ltr'>v.</span> 
     </span>
    </p>
   </div>
   <div class='ocr_carea' id='block_1_4' title="bbox 371 2453 1506 2509">
    <p class='ocr_par' dir='ltr' id='par_1_4' title="bbox 371 2453 1506 2509">
     <span class='ocr_line' id='line_1_34' title="bbox 371 2453 1506 2509; baseline 0.005 -17"><span class='ocrx_word' id='word_1_291' title='bbox 371 2453 436 2492; x_wconf 86' lang='lat' dir='ltr'>De</span> <span class='ocrx_word' id='word_1_292' title='bbox 455 2456 611 2493; x_wconf 81' lang='lat' dir='ltr'>ratione</span> <span class='ocrx_word' id='word_1_293' title='bbox 631 2455 869 2494; x_wconf 75' lang='lat' dir='ltr'>voluminum</span> <span class='ocrx_word' id='word_1_294' title='bbox 889 2458 1008 2509; x_wconf 75' lang='lat' dir='ltr'>hujus</span> <span class='ocrx_word' id='word_1_295' title='bbox 1027 2460 1158 2509; x_wconf 78' lang='lat' dir='ltr'>operis</span> <span class='ocrx_word' id='word_1_296' title='bbox 1178 2459 1506 2498; x_wconf 65' lang='lat' dir='ltr'>insecatur-orum.</span> 
     </span>
    </p>
   </div>
   <div class='ocr_carea' id='block_1_5' title="bbox 194 2541 1672 3034">
    <p class='ocr_par' dir='ltr' id='par_1_5' title="bbox 194 2541 1672 2840">
     <span class='ocr_line' id='line_1_35' title="bbox 249 2541 1668 2599; baseline 0.006 -20"><span class='ocrx_word' id='word_1_297' title='bbox 249 2541 428 2580; x_wconf 84' lang='lat' dir='ltr'>Proxime</span> <span class='ocrx_word' id='word_1_298' title='bbox 449 2543 663 2582; x_wconf 88' lang='lat' dir='ltr'>secundum</span> <span class='ocrx_word' id='word_1_299' title='bbox 679 2544 904 2583; x_wconf 89' lang='lat' dir='ltr'>AEschinem</span> <span class='ocrx_word' id='word_1_300' title='bbox 925 2545 1030 2584; x_wconf 91' lang='lat' dir='ltr'>dabo</span> <span class='ocrx_word' id='word_1_301' title='bbox 1053 2546 1209 2598; x_wconf 82' lang='lat' dir='ltr'>Lysiam</span> <span class='ocrx_word' id='word_1_302' title='bbox 1226 2547 1501 2599; x_wconf 78' lang='lat' dir='ltr'>Tayloranum.</span> <span class='ocrx_word' id='word_1_303' title='bbox 1525 2547 1563 2585; x_wconf 89' lang='lat' dir='ltr'>in</span> <span class='ocrx_word' id='word_1_304' title='bbox 1588 2561 1668 2598; x_wconf 90' lang='lat' dir='ltr'>quo</span> 
     </span>
     <span class='ocr_line' id='line_1_36' title="bbox 194 2604 1670 2658; baseline 0.005 -17"><span class='ocrx_word' id='word_1_305' title='bbox 194 2604 501 2655; x_wconf 81' lang='lat' dir='ltr'>repraesentabo,</span> <span class='ocrx_word' id='word_1_306' title='bbox 518 2618 607 2656; x_wconf 82' lang='lat' dir='ltr'>quae</span> <span class='ocrx_word' id='word_1_307' title='bbox 619 2606 768 2658; x_wconf 85' lang='lat' dir='ltr'>Taylor</span> <span class='ocrx_word' id='word_1_308' title='bbox 783 2607 820 2644; x_wconf 92' lang='lat' dir='ltr'>in</span> <span class='ocrx_word' id='word_1_309' title='bbox 836 2607 1008 2646; x_wconf 89' lang='lat' dir='ltr'>editione</span> <span class='ocrx_word' id='word_1_310' title='bbox 1025 2608 1165 2658; x_wconf 89' lang='lat' dir='ltr'>majori</span> <span class='ocrx_word' id='word_1_311' title='bbox 1181 2609 1305 2655; x_wconf 88' lang='lat' dir='ltr'>dedit,</span> <span class='ocrx_word' id='word_1_312' title='bbox 1321 2610 1465 2648; x_wconf 87' lang='lat' dir='ltr'>omnia.</span> <span class='ocrx_word' id='word_1_313' title='bbox 1480 2610 1670 2649; x_wconf 84' lang='lat' dir='ltr'>lectiones</span> 
     </span>
     <span class='ocr_line' id='line_1_37' title="bbox 196 2666 1671 2724; baseline 0.005 -20"><span class='ocrx_word' id='word_1_314' title='bbox 196 2666 422 2705; x_wconf 87' lang='lat' dir='ltr'>Marklandi</span> <span class='ocrx_word' id='word_1_315' title='bbox 442 2680 521 2705; x_wconf 92' lang='lat' dir='ltr'>non</span> <span class='ocrx_word' id='word_1_316' title='bbox 540 2669 590 2706; x_wconf 92' lang='lat' dir='ltr'>ad</span> <span class='ocrx_word' id='word_1_317' title='bbox 611 2668 759 2706; x_wconf 89' lang='lat' dir='ltr'>calcem</span> <span class='ocrx_word' id='word_1_318' title='bbox 788 2669 979 2721; x_wconf 87' lang='lat' dir='ltr'>rejiciam,</span> <span class='ocrx_word' id='word_1_319' title='bbox 1003 2677 1047 2709; x_wconf 93' lang='lat' dir='ltr'>ut</span> <span class='ocrx_word' id='word_1_320' title='bbox 1066 2672 1212 2723; x_wconf 79' lang='lat' dir='ltr'>Taylor</span> <span class='ocrx_word' id='word_1_321' title='bbox 1238 2671 1347 2719; x_wconf 82' lang='lat' dir='ltr'>fecit,</span> <span class='ocrx_word' id='word_1_322' title='bbox 1382 2671 1448 2709; x_wconf 87' lang='lat' dir='ltr'>sed</span> <span class='ocrx_word' id='word_1_323' title='bbox 1481 2673 1554 2710; x_wconf 91' lang='lat' dir='ltr'>sub</span> <span class='ocrx_word' id='word_1_324' title='bbox 1584 2673 1671 2724; x_wconf 85' lang='lat' dir='ltr'>ipso</span> 
     </span>
     <span class='ocr_line' id='line_1_38' title="bbox 197 2729 1672 2785; baseline 0.005 -19"><span class='ocrx_word' id='word_1_325' title='bbox 197 2733 306 2767; x_wconf 85' lang='lat' dir='ltr'>texto</span> <span class='ocrx_word' id='word_1_326' title='bbox 326 2729 475 2775; x_wconf 89' lang='lat' dir='ltr'>statim,</span> <span class='ocrx_word' id='word_1_327' title='bbox 497 2743 610 2768; x_wconf 91' lang='lat' dir='ltr'>unam</span> <span class='ocrx_word' id='word_1_328' title='bbox 632 2743 829 2783; x_wconf 89' lang='lat' dir='ltr'>quamque</span> <span class='ocrx_word' id='word_1_329' title='bbox 849 2744 918 2770; x_wconf 92' lang='lat' dir='ltr'>suo</span> <span class='ocrx_word' id='word_1_330' title='bbox 938 2733 1040 2778; x_wconf 91' lang='lat' dir='ltr'>loco,</span> <span class='ocrx_word' id='word_1_331' title='bbox 1062 2733 1271 2772; x_wconf 80' lang='lat' dir='ltr'>exhibebo.</span> <span class='ocrx_word' id='word_1_332' title='bbox 1331 2734 1434 2771; x_wconf 76' lang='lat' dir='ltr'>Meae</span> <span class='ocrx_word' id='word_1_333' title='bbox 1453 2735 1672 2785; x_wconf 89' lang='lat' dir='ltr'>prodibunt</span> 
     </span>
     <span class='ocr_line' id='line_1_39' title="bbox 197 2793 1658 2840; baseline 0.006 -12"><span class='ocrx_word' id='word_1_334' title='bbox 197 2801 355 2840; x_wconf 88' lang='lat' dir='ltr'>prorsus</span> <span class='ocrx_word' id='word_1_335' title='bbox 374 2804 502 2838; x_wconf 85' lang='lat' dir='ltr'>novae,</span> <span class='ocrx_word' id='word_1_336' title='bbox 524 2799 709 2838; x_wconf 73' lang='lat' dir='ltr'>remotae,</span> <span class='ocrx_word' id='word_1_337' title='bbox 733 2799 773 2831; x_wconf 90' lang='lat' dir='ltr'>et</span> <span class='ocrx_word' id='word_1_338' title='bbox 792 2793 865 2831; x_wconf 87' lang='lat' dir='ltr'>illis</span> <span class='ocrx_word' id='word_1_339' title='bbox 886 2796 1047 2834; x_wconf 82' lang='lat' dir='ltr'>vetustis</span> <span class='ocrx_word' id='word_1_340' title='bbox 1068 2795 1217 2834; x_wconf 88' lang='lat' dir='ltr'>dudum</span> <span class='ocrx_word' id='word_1_341' title='bbox 1239 2795 1355 2834; x_wconf 89' lang='lat' dir='ltr'>editis</span> <span class='ocrx_word' id='word_1_342' title='bbox 1376 2796 1658 2837; x_wconf 80' lang='lat' dir='ltr'>dissimillimae.</span> 
     </span>
    </p>

    <p class='ocr_par' dir='ltr' id='par_1_6' title="bbox 196 2853 1672 3034">
     <span class='ocr_line' id='line_1_40' title="bbox 250 2853 1670 2911; baseline 0.006 -22"><span class='ocrx_word' id='word_1_343' title='bbox 250 2853 285 2889; x_wconf 93' lang='lat' dir='ltr'><strong>A</strong></span> <span class='ocrx_word' id='word_1_344' title='bbox 307 2853 424 2903; x_wconf 84' lang='lat' dir='ltr'>Lysia</span> <span class='ocrx_word' id='word_1_345' title='bbox 441 2853 490 2891; x_wconf 93' lang='lat' dir='ltr'>ad</span> <span class='ocrx_word' id='word_1_346' title='bbox 508 2853 681 2904; x_wconf 90' lang='lat' dir='ltr'>reliquos</span> <span class='ocrx_word' id='word_1_347' title='bbox 701 2860 876 2894; x_wconf 82' lang='lat' dir='ltr'>oratores</span> <span class='ocrx_word' id='word_1_348' title='bbox 890 2857 1061 2896; x_wconf 89' lang='lat' dir='ltr'>minores</span> <span class='ocrx_word' id='word_1_349' title='bbox 1082 2859 1309 2908; x_wconf 85' lang='lat' dir='ltr'>procedam,</span> <span class='ocrx_word' id='word_1_350' title='bbox 1333 2859 1382 2897; x_wconf 89' lang='lat' dir='ltr'>de</span> <span class='ocrx_word' id='word_1_351' title='bbox 1404 2860 1547 2910; x_wconf 88' lang='lat' dir='ltr'>quibus</span> <span class='ocrx_word' id='word_1_352' title='bbox 1581 2874 1670 2911; x_wconf 75' lang='lat' dir='ltr'>qum</span> 
     </span>
     <span class='ocr_line' id='line_1_41' title="bbox 197 2911 1672 2972; baseline 0.006 -22"><span class='ocrx_word' id='word_1_353' title='bbox 197 2911 324 2950; x_wconf 90' lang='lat' dir='ltr'>habeo</span> <span class='ocrx_word' id='word_1_354' title='bbox 350 2914 533 2961; x_wconf 85' lang='lat' dir='ltr'>dicenda,</span> <span class='ocrx_word' id='word_1_355' title='bbox 561 2928 606 2954; x_wconf 90' lang='lat' dir='ltr'>ea</span> <span class='ocrx_word' id='word_1_356' title='bbox 627 2917 890 2968; x_wconf 88' lang='lat' dir='ltr'>peculiaribus</span> <span class='ocrx_word' id='word_1_357' title='bbox 908 2918 1210 2970; x_wconf 83' lang='lat' dir='ltr'>praefationibus</span> <span class='ocrx_word' id='word_1_358' title='bbox 1239 2933 1310 2958; x_wconf 93' lang='lat' dir='ltr'>suo</span> <span class='ocrx_word' id='word_1_359' title='bbox 1335 2928 1510 2972; x_wconf 89' lang='lat' dir='ltr'>tempore</span> <span class='ocrx_word' id='word_1_360' title='bbox 1532 2921 1672 2961; x_wconf 88' lang='lat' dir='ltr'>dandis</span> 
     </span>
     <span class='ocr_line' id='line_1_42' title="bbox 196 2977 1670 3034; baseline 0.008 -23"><span class='ocrx_word' id='word_1_361' title='bbox 196 2985 364 3014; x_wconf 89' lang='lat' dir='ltr'>reservo.</span> <span class='ocrx_word' id='word_1_362' title='bbox 423 2977 528 3016; x_wconf 85' lang='lat' dir='ltr'>Bene</span> <span class='ocrx_word' id='word_1_363' title='bbox 563 2978 595 3016; x_wconf 86' lang='lat' dir='ltr'>si</span> <span class='ocrx_word' id='word_1_364' title='bbox 627 2980 872 3029; x_wconf 82' lang='lat' dir='ltr'>successerit,</span> <span class='ocrx_word' id='word_1_365' title='bbox 904 2980 1117 3033; x_wconf 85' lang='lat' dir='ltr'>adjungam</span> <span class='ocrx_word' id='word_1_366' title='bbox 1147 2982 1223 3021; x_wconf 89' lang='lat' dir='ltr'>illis</span> <span class='ocrx_word' id='word_1_367' title='bbox 1250 2982 1442 3034; x_wconf 84' lang='lat' dir='ltr'>singulare</span> <span class='ocrx_word' id='word_1_368' title='bbox 1477 2985 1670 3032; x_wconf 75' lang='lat' dir='ltr'>volumen,</span> 
     </span>
    </p>
   </div>
  </div>
 </body>
</html>
