<?xml version="1.0" encoding="UTF-8"?>
<!DOCTYPE html PUBLIC "-//W3C//DTD XHTML 1.0 Transitional//EN"
    "http://www.w3.org/TR/xhtml1/DTD/xhtml1-transitional.dtd">
<html xmlns="http://www.w3.org/1999/xhtml" xml:lang="en" lang="en">
 <head>
  <title>
</title>
<meta http-equiv="Content-Type" content="text/html;charset=utf-8" />
  <meta name='ocr-system' content='tesseract 3.04.00' />
  <meta name='ocr-capabilities' content='ocr_page ocr_carea ocr_par ocr_line ocrx_word'/>
</head>
<body>
  <div class='ocr_page' id='page_1' title='image "./oratoresatticie12dobs/oratoresatticie12dobs_0411.png"; bbox 0 0 1932 3322; ppageno 0'>
   <div class='ocr_carea' id='block_1_1' title="bbox 491 175 1222 220">
    <p class='ocr_par' dir='ltr' id='par_1_1' title="bbox 491 175 1222 220">
     <span class='ocr_line' id='line_1_1' title="bbox 491 175 1222 220; baseline 0 -1"><span class='ocrx_word' id='word_1_1' title='bbox 491 177 577 220; x_wconf 92' lang='lat' dir='ltr'>AD</span> <span class='ocrx_word' id='word_1_2' title='bbox 609 176 708 220; x_wconf 87' lang='lat' dir='ltr'>OR.</span> <span class='ocrx_word' id='word_1_3' title='bbox 739 176 792 220; x_wconf 80' lang='lat' dir='ltr'>C.</span> <span class='ocrx_word' id='word_1_4' title='bbox 823 175 1222 220; x_wconf 87' lang='lat' dir='ltr'>TIMARCHUM.</span> 
     </span>
    </p>
   </div>
   <div class='ocr_carea' id='block_1_2' title="bbox 99 265 840 3021">
    <p class='ocr_par' dir='ltr' id='par_1_2' title="bbox 99 265 840 781">
     <span class='ocr_line' id='line_1_2' title="bbox 99 265 839 308; baseline -0.007 -7"><span class='ocrx_word' id='word_1_5' title='bbox 99 290 101 292; x_wconf 97' lang='lat'>-</span> <span class='ocrx_word' id='word_1_6' title='bbox 125 269 252 301; x_wconf 77' lang='lat' dir='ltr'>Constat</span> <span class='ocrx_word' id='word_1_7' title='bbox 269 267 399 300; x_wconf 78' lang='lat' dir='ltr'>Athenis</span> <span class='ocrx_word' id='word_1_8' title='bbox 413 268 578 305; x_wconf 88' lang='lat' dir='ltr'>neminem,</span> <span class='ocrx_word' id='word_1_9' title='bbox 593 267 655 298; x_wconf 80' lang='lat' dir='ltr'>nisi</span> <span class='ocrx_word' id='word_1_10' title='bbox 671 265 768 297; x_wconf 84' lang='lat' dir='ltr'>semel</span> <span class='ocrx_word' id='word_1_11' title='bbox 783 277 839 308; x_wconf 86' lang='lat' dir='ltr'>per</span> 
     </span>
     <span class='ocr_line' id='line_1_3' title="bbox 125 311 838 349; baseline -0.004 -5"><span class='ocrx_word' id='word_1_12' title='bbox 125 313 233 349; x_wconf 82' lang='lat' dir='ltr'>vitam,</span> <span class='ocrx_word' id='word_1_13' title='bbox 245 311 396 345; x_wconf 79' lang='grc' dir='ltr'><strong>Βουλευτῆν</strong></span> <span class='ocrx_word' id='word_1_14' title='bbox 409 312 518 342; x_wconf 88' lang='lat' dir='ltr'>fuisse.</span> <span class='ocrx_word' id='word_1_15' title='bbox 542 313 640 341; x_wconf 88' lang='lat' dir='ltr'>Porro</span> <span class='ocrx_word' id='word_1_16' title='bbox 656 315 776 340; x_wconf 85' lang='lat' dir='ltr'>constat</span> <span class='ocrx_word' id='word_1_17' title='bbox 786 311 838 341; x_wconf 85' lang='lat' dir='ltr'>&#39;ri-</span> 
     </span>
     <span class='ocr_line' id='line_1_4' title="bbox 123 353 839 394; baseline -0.004 -9"><span class='ocrx_word' id='word_1_18' title='bbox 123 356 280 386; x_wconf 85' lang='lat' dir='ltr'>marchum</span> <span class='ocrx_word' id='word_1_19' title='bbox 307 366 383 385; x_wconf 88' lang='lat' dir='ltr'>anno</span> <span class='ocrx_word' id='word_1_20' title='bbox 406 359 486 391; x_wconf 88' lang='lat' dir='ltr'>ante,</span> <span class='ocrx_word' id='word_1_21' title='bbox 510 365 600 394; x_wconf 87' lang='lat' dir='ltr'>quam</span> <span class='ocrx_word' id='word_1_22' title='bbox 625 354 664 383; x_wconf 94' lang='lat' dir='ltr'>ab</span> <span class='ocrx_word' id='word_1_23' title='bbox 687 353 839 383; x_wconf 85' lang='lat' dir='ltr'>AEschine</span> 
     </span>
     <span class='ocr_line' id='line_1_5' title="bbox 122 397 840 438; baseline -0.004 -10"><span class='ocrx_word' id='word_1_24' title='bbox 122 408 196 429; x_wconf 87' lang='lat' dir='ltr'>reus</span> <span class='ocrx_word' id='word_1_25' title='bbox 212 404 366 438; x_wconf 80' lang='lat' dir='ltr'>ageretur,</span> <span class='ocrx_word' id='word_1_26' title='bbox 390 398 570 428; x_wconf 85' lang='lat' dir='ltr'>senatorem</span> <span class='ocrx_word' id='word_1_27' title='bbox 590 397 697 426; x_wconf 83' lang='lat' dir='ltr'>fuisse.</span> <span class='ocrx_word' id='word_1_28' title='bbox 731 397 840 426; x_wconf 87' lang='lat' dir='ltr'>Testa-</span> 
     </span>
     <span class='ocr_line' id='line_1_6' title="bbox 123 438 840 481; baseline -0.004 -10"><span class='ocrx_word' id='word_1_29' title='bbox 123 445 174 471; x_wconf 88' lang='lat' dir='ltr'>tur</span> <span class='ocrx_word' id='word_1_30' title='bbox 196 442 256 471; x_wconf 88' lang='lat' dir='ltr'>hoc</span> <span class='ocrx_word' id='word_1_31' title='bbox 279 441 443 481; x_wconf 88' lang='lat' dir='ltr'>perspicue</span> <span class='ocrx_word' id='word_1_32' title='bbox 459 452 489 480; x_wconf 87' lang='lat' dir='ltr'>p.</span> <span class='ocrx_word' id='word_1_33' title='bbox 505 443 559 470; x_wconf 85' lang='lat'>40.</span> <span class='ocrx_word' id='word_1_34' title='bbox 577 451 606 469; x_wconf 87' lang='lat' dir='ltr'>v.</span> <span class='ocrx_word' id='word_1_35' title='bbox 630 441 660 468; x_wconf 88' lang='grc'>8.</span> <span class='ocrx_word' id='word_1_36' title='bbox 690 438 766 468; x_wconf 85' lang='lat' dir='ltr'>Fuit</span> <span class='ocrx_word' id='word_1_37' title='bbox 785 450 840 469; x_wconf 92' lang='lat' dir='ltr'>au-</span> 
     </span>
     <span class='ocr_line' id='line_1_7' title="bbox 123 482 836 514; baseline -0.003 0"><span class='ocrx_word' id='word_1_38' title='bbox 123 488 187 514; x_wconf 81' lang='lat' dir='ltr'>tem</span> <span class='ocrx_word' id='word_1_39' title='bbox 209 484 388 514; x_wconf 85' lang='lat' dir='ltr'>Timarchus</span> <span class='ocrx_word' id='word_1_40' title='bbox 416 484 547 513; x_wconf 83' lang='lat' dir='ltr'>Senator</span> <span class='ocrx_word' id='word_1_41' title='bbox 570 482 714 512; x_wconf 83' lang='lat' dir='ltr'>archonte</span> <span class='ocrx_word' id='word_1_42' title='bbox 740 482 836 512; x_wconf 90' lang='lat' dir='ltr'>Nico-</span> 
     </span>
     <span class='ocr_line' id='line_1_8' title="bbox 123 526 837 566; baseline -0.003 -9"><span class='ocrx_word' id='word_1_43' title='bbox 123 527 249 566; x_wconf 88' lang='lat' dir='ltr'>phemo,</span> <span class='ocrx_word' id='word_1_44' title='bbox 270 528 351 566; x_wconf 87' lang='lat' dir='ltr'>quod</span> <span class='ocrx_word' id='word_1_45' title='bbox 367 526 418 556; x_wconf 90' lang='lat' dir='ltr'>hic</span> <span class='ocrx_word' id='word_1_46' title='bbox 437 527 526 556; x_wconf 91' lang='lat' dir='ltr'>locus</span> <span class='ocrx_word' id='word_1_47' title='bbox 541 530 681 560; x_wconf 87' lang='lat' dir='ltr'>testatur,</span> <span class='ocrx_word' id='word_1_48' title='bbox 697 529 728 554; x_wconf 86' lang='lat' dir='ltr'>et</span> <span class='ocrx_word' id='word_1_49' title='bbox 743 527 837 564; x_wconf 89' lang='lat' dir='ltr'>paulo</span> 
     </span>
     <span class='ocr_line' id='line_1_9' title="bbox 124 569 838 609; baseline -0.001 -10"><span class='ocrx_word' id='word_1_50' title='bbox 124 580 219 609; x_wconf 85' lang='lat' dir='ltr'>supra</span> <span class='ocrx_word' id='word_1_51' title='bbox 234 580 343 600; x_wconf 88' lang='lat' dir='ltr'>versus</span> <span class='ocrx_word' id='word_1_52' title='bbox 361 571 414 600; x_wconf 87' lang='grc'>17.</span> <span class='ocrx_word' id='word_1_53' title='bbox 454 570 538 608; x_wconf 87' lang='lat' dir='ltr'>Ergo</span> <span class='ocrx_word' id='word_1_54' title='bbox 553 579 632 598; x_wconf 90' lang='lat' dir='ltr'>anno</span> <span class='ocrx_word' id='word_1_55' title='bbox 655 573 727 607; x_wconf 85' lang='lat' dir='ltr'>post</span> <span class='ocrx_word' id='word_1_56' title='bbox 743 569 838 598; x_wconf 89' lang='lat' dir='ltr'>Nico·</span> 
     </span>
     <span class='ocr_line' id='line_1_10' title="bbox 123 611 837 652; baseline 0 -10"><span class='ocrx_word' id='word_1_57' title='bbox 123 613 266 652; x_wconf 87' lang='lat' dir='ltr'>phemum</span> <span class='ocrx_word' id='word_1_58' title='bbox 283 617 351 642; x_wconf 89' lang='lat' dir='ltr'>acta</span> <span class='ocrx_word' id='word_1_59' title='bbox 365 613 431 642; x_wconf 88' lang='lat' dir='ltr'>haec</span> <span class='ocrx_word' id='word_1_60' title='bbox 446 617 496 642; x_wconf 90' lang='lat' dir='ltr'>est</span> <span class='ocrx_word' id='word_1_61' title='bbox 510 622 614 642; x_wconf 88' lang='lat' dir='ltr'>causa.</span> <span class='ocrx_word' id='word_1_62' title='bbox 646 611 708 640; x_wconf 85' lang='lat' dir='ltr'>Sed</span> <span class='ocrx_word' id='word_1_63' title='bbox 725 612 837 642; x_wconf 86' lang='lat' dir='ltr'>archon</span> 
     </span>
     <span class='ocr_line' id='line_1_11' title="bbox 122 653 837 695; baseline -0.001 -10"><span class='ocrx_word' id='word_1_64' title='bbox 122 656 183 686; x_wconf 77' lang='lat' dir='ltr'>fuit</span> <span class='ocrx_word' id='word_1_65' title='bbox 196 656 406 695; x_wconf 82' lang='lat' dir='ltr'>Nicophemus</span> <span class='ocrx_word' id='word_1_66' title='bbox 420 666 496 685; x_wconf 92' lang='lat' dir='ltr'>anno</span> <span class='ocrx_word' id='word_1_67' title='bbox 513 659 622 694; x_wconf 80' lang='lat' dir='ltr'>quarto</span> <span class='ocrx_word' id='word_1_68' title='bbox 638 653 837 694; x_wconf 78' lang='lat' dir='ltr'>Olympiadis</span> 
     </span>
     <span class='ocr_line' id='line_1_12' title="bbox 124 697 837 737; baseline -0.001 -9"><span class='ocrx_word' id='word_1_69' title='bbox 124 701 198 729; x_wconf 85' lang='lat'>104.</span> <span class='ocrx_word' id='word_1_70' title='bbox 237 698 355 729; x_wconf 85' lang='lat' dir='ltr'>Habita</span> <span class='ocrx_word' id='word_1_71' title='bbox 371 697 467 737; x_wconf 86' lang='lat' dir='ltr'>igitur</span> <span class='ocrx_word' id='word_1_72' title='bbox 489 702 537 728; x_wconf 87' lang='lat' dir='ltr'>est</span> <span class='ocrx_word' id='word_1_73' title='bbox 557 699 622 728; x_wconf 87' lang='lat' dir='ltr'>haec</span> <span class='ocrx_word' id='word_1_74' title='bbox 643 697 742 727; x_wconf 87' lang='lat' dir='ltr'>oratio</span> <span class='ocrx_word' id='word_1_75' title='bbox 758 708 837 728; x_wconf 90' lang='lat' dir='ltr'>anno</span> 
     </span>
     <span class='ocr_line' id='line_1_13' title="bbox 122 741 525 781; baseline -0.002 -9"><span class='ocrx_word' id='word_1_76' title='bbox 122 741 223 781; x_wconf 88' lang='lat' dir='ltr'>primo</span> <span class='ocrx_word' id='word_1_77' title='bbox 236 741 433 781; x_wconf 83' lang='lat' dir='ltr'>Olympiadis</span> <span class='ocrx_word' id='word_1_78' title='bbox 450 744 525 774; x_wconf 84' lang='lat'>105.</span> 
     </span>
    </p>

    <p class='ocr_par' dir='ltr' id='par_1_3' title="bbox 121 783 838 858">
     <span class='ocr_line' id='line_1_14' title="bbox 165 783 838 825; baseline 0 -11"><span class='ocrx_word' id='word_1_79' title='bbox 165 784 241 814; x_wconf 86' lang='lat' dir='ltr'>ibid.</span> <span class='ocrx_word' id='word_1_80' title='bbox 268 796 297 815; x_wconf 88' lang='lat' dir='ltr'>v.</span> <span class='ocrx_word' id='word_1_81' title='bbox 321 787 373 815; x_wconf 85' lang='lat'>23.</span> <span class='ocrx_word' id='word_1_82' title='bbox 394 783 547 825; x_wconf 83' lang='grc' dir='ltr'>ἔκλεπτον]</span> <span class='ocrx_word' id='word_1_83' title='bbox 578 784 786 824; x_wconf 89' lang='lat' dir='ltr'>Hegesander</span> <span class='ocrx_word' id='word_1_84' title='bbox 806 788 838 814; x_wconf 87' lang='lat' dir='ltr'>et</span> 
     </span>
     <span class='ocr_line' id='line_1_15' title="bbox 121 827 313 858; baseline -0.005 0"><span class='ocrx_word' id='word_1_85' title='bbox 121 827 313 858; x_wconf 86' lang='lat' dir='ltr'>Timarchus.</span> 
     </span>
    </p>

    <p class='ocr_par' dir='ltr' id='par_1_4' title="bbox 120 869 838 1127">
     <span class='ocr_line' id='line_1_16' title="bbox 163 869 838 912; baseline -0.001 -11"><span class='ocrx_word' id='word_1_86' title='bbox 163 881 195 911; x_wconf 89' lang='lat' dir='ltr'>p.</span> <span class='ocrx_word' id='word_1_87' title='bbox 211 871 265 902; x_wconf 91' lang='lat'>51.</span> <span class='ocrx_word' id='word_1_88' title='bbox 282 882 312 901; x_wconf 90' lang='lat' dir='ltr'>v.</span> <span class='ocrx_word' id='word_1_89' title='bbox 325 873 358 901; x_wconf 79' lang='lat'>7.</span> <span class='ocrx_word' id='word_1_90' title='bbox 375 869 645 912; x_wconf 68' lang='grc' dir='ltr'><strong>ἓξεφυλλοφόξησεν]</strong></span> <span class='ocrx_word' id='word_1_91' title='bbox 669 870 838 910; x_wconf 87' lang='lat' dir='ltr'>Proposuit</span> 
     </span>
     <span class='ocr_line' id='line_1_17' title="bbox 121 914 837 954; baseline 0 -10"><span class='ocrx_word' id='word_1_92' title='bbox 121 915 247 954; x_wconf 88' lang='lat' dir='ltr'>quidem</span> <span class='ocrx_word' id='word_1_93' title='bbox 272 915 400 944; x_wconf 84' lang='lat' dir='ltr'>Senatui</span> <span class='ocrx_word' id='word_1_94' title='bbox 430 914 686 945; x_wconf 77' lang='lat' dir='ltr'>deliberationem</span> <span class='ocrx_word' id='word_1_95' title='bbox 716 915 756 944; x_wconf 88' lang='lat' dir='ltr'>de</span> <span class='ocrx_word' id='word_1_96' title='bbox 781 914 837 944; x_wconf 90' lang='lat' dir='ltr'>Ti-</span> 
     </span>
     <span class='ocr_line' id='line_1_18' title="bbox 120 958 836 988; baseline 0 -1"><span class='ocrx_word' id='word_1_97' title='bbox 120 958 245 988; x_wconf 85' lang='lat' dir='ltr'>marcho</span> <span class='ocrx_word' id='word_1_98' title='bbox 267 962 375 988; x_wconf 89' lang='lat' dir='ltr'>senatu</span> <span class='ocrx_word' id='word_1_99' title='bbox 397 958 562 988; x_wconf 88' lang='lat' dir='ltr'>movendo.</span> <span class='ocrx_word' id='word_1_100' title='bbox 595 958 713 987; x_wconf 91' lang='lat' dir='ltr'>Verum</span> <span class='ocrx_word' id='word_1_101' title='bbox 739 968 772 988; x_wconf 88' lang='lat' dir='ltr'>re</span> <span class='ocrx_word' id='word_1_102' title='bbox 797 958 836 987; x_wconf 88' lang='lat' dir='ltr'>ad</span> 
     </span>
     <span class='ocr_line' id='line_1_19' title="bbox 120 1000 838 1040; baseline -0.001 -9"><span class='ocrx_word' id='word_1_103' title='bbox 120 1001 369 1040; x_wconf 86' lang='lat' dir='ltr'>suffragationem</span> <span class='ocrx_word' id='word_1_104' title='bbox 385 1000 530 1036; x_wconf 86' lang='lat' dir='ltr'>deducta,</span> <span class='ocrx_word' id='word_1_105' title='bbox 545 1001 708 1040; x_wconf 84' lang='lat' dir='ltr'>repudiata</span> <span class='ocrx_word' id='word_1_106' title='bbox 722 1005 771 1030; x_wconf 85' lang='lat' dir='ltr'>est</span> <span class='ocrx_word' id='word_1_107' title='bbox 783 1000 838 1030; x_wconf 91' lang='lat' dir='ltr'>illa</span> 
     </span>
     <span class='ocr_line' id='line_1_20' title="bbox 120 1044 836 1084; baseline 0 -10"><span class='ocrx_word' id='word_1_108' title='bbox 120 1044 289 1074; x_wconf 85' lang='lat' dir='ltr'>auctoritas</span> <span class='ocrx_word' id='word_1_109' title='bbox 310 1054 478 1084; x_wconf 87' lang='lat' dir='ltr'>rursusque</span> <span class='ocrx_word' id='word_1_110' title='bbox 501 1045 532 1074; x_wconf 92' lang='lat' dir='ltr'>in</span> <span class='ocrx_word' id='word_1_111' title='bbox 559 1044 725 1084; x_wconf 86' lang='lat' dir='ltr'>collegium</span> <span class='ocrx_word' id='word_1_112' title='bbox 741 1045 836 1074; x_wconf 89' lang='lat' dir='ltr'>Sena-</span> 
     </span>
     <span class='ocr_line' id='line_1_21' title="bbox 120 1088 591 1127; baseline 0.002 -11"><span class='ocrx_word' id='word_1_113' title='bbox 120 1090 223 1117; x_wconf 86' lang='lat' dir='ltr'>torum</span> <span class='ocrx_word' id='word_1_114' title='bbox 238 1091 384 1127; x_wconf 85' lang='lat' dir='ltr'>receptus</span> <span class='ocrx_word' id='word_1_115' title='bbox 399 1088 591 1117; x_wconf 84' lang='lat' dir='ltr'>Timarchus.</span> 
     </span>
    </p>

    <p class='ocr_par' dir='ltr' id='par_1_5' title="bbox 118 1129 835 1214">
     <span class='ocr_line' id='line_1_22' title="bbox 163 1129 835 1172; baseline 0.001 -12"><span class='ocrx_word' id='word_1_116' title='bbox 163 1131 191 1171; x_wconf 83' lang='lat'>§.</span> <span class='ocrx_word' id='word_1_117' title='bbox 205 1129 259 1160; x_wconf 76' lang='grc' dir='ltr'><strong>κδ’.</strong></span> <span class='ocrx_word' id='word_1_118' title='bbox 283 1141 317 1170; x_wconf 91' lang='lat' dir='ltr'>p.</span> <span class='ocrx_word' id='word_1_119' title='bbox 339 1132 392 1162; x_wconf 71' lang='lat'>52.</span> <span class='ocrx_word' id='word_1_120' title='bbox 409 1142 440 1162; x_wconf 87' lang='lat' dir='ltr'>v.</span> <span class='ocrx_word' id='word_1_121' title='bbox 457 1133 488 1161; x_wconf 91' lang='grc'>8.</span> <span class='ocrx_word' id='word_1_122' title='bbox 505 1131 667 1172; x_wconf 75' lang='grc' dir='ltr'><strong>ταλάντου]</strong></span> <span class='ocrx_word' id='word_1_123' title='bbox 698 1130 835 1161; x_wconf 86' lang='lat' dir='ltr'>subaudi</span> 
     </span>
     <span class='ocr_line' id='line_1_23' title="bbox 118 1172 744 1214; baseline 0.003 -12"><span class='ocrx_word' id='word_1_124' title='bbox 118 1175 207 1213; x_wconf 71' lang='grc' dir='ltr'><strong>τιμὴν</strong></span> <span class='ocrx_word' id='word_1_125' title='bbox 229 1174 280 1203; x_wconf 83' lang='lat' dir='ltr'>vel</span> <span class='ocrx_word' id='word_1_126' title='bbox 296 1172 409 1214; x_wconf 76' lang='grc' dir='ltr'><strong>ζημίαν.</strong></span> <span class='ocrx_word' id='word_1_127' title='bbox 423 1175 575 1214; x_wconf 77' lang='lat' dir='ltr'>irrogastis</span> <span class='ocrx_word' id='word_1_128' title='bbox 589 1176 744 1205; x_wconf 84' lang='lat' dir='ltr'>mulctam.</span> 
     </span>
    </p>

    <p class='ocr_par' dir='ltr' id='par_1_6' title="bbox 120 1215 838 1299">
     <span class='ocr_line' id='line_1_24' title="bbox 163 1215 838 1256; baseline 0 -10"><span class='ocrx_word' id='word_1_129' title='bbox 163 1216 240 1246; x_wconf 90' lang='lat' dir='ltr'>ibid.</span> <span class='ocrx_word' id='word_1_130' title='bbox 258 1227 288 1247; x_wconf 85' lang='lat' dir='ltr'>v.</span> <span class='ocrx_word' id='word_1_131' title='bbox 309 1217 364 1246; x_wconf 91' lang='lat' dir='ltr'>ult.</span> <span class='ocrx_word' id='word_1_132' title='bbox 379 1216 494 1256; x_wconf 66' lang='grc' dir='ltr'><strong>καθὼς]</strong></span> <span class='ocrx_word' id='word_1_133' title='bbox 518 1217 603 1247; x_wconf 82' lang='lat' dir='ltr'>Dedi</span> <span class='ocrx_word' id='word_1_134' title='bbox 618 1218 657 1246; x_wconf 90' lang='lat' dir='ltr'>de</span> <span class='ocrx_word' id='word_1_135' title='bbox 673 1226 742 1246; x_wconf 88' lang='lat' dir='ltr'>meo</span> <span class='ocrx_word' id='word_1_136' title='bbox 764 1215 838 1246; x_wconf 67' lang='grc' dir='ltr'><strong>καθ’</strong></span> 
     </span>
     <span class='ocr_line' id='line_1_25' title="bbox 120 1257 820 1299; baseline 0 -10"><span class='ocrx_word' id='word_1_137' title='bbox 120 1258 166 1296; x_wconf 78' lang='grc' dir='ltr'>ἃς,</span> <span class='ocrx_word' id='word_1_138' title='bbox 181 1259 250 1289; x_wconf 90' lang='lat' dir='ltr'>scil.</span> <span class='ocrx_word' id='word_1_139' title='bbox 265 1257 411 1294; x_wconf 77' lang='grc' dir='ltr'><strong>συνθήκας,</strong></span> <span class='ocrx_word' id='word_1_140' title='bbox 426 1260 500 1289; x_wconf 89' lang='lat' dir='ltr'>item</span> <span class='ocrx_word' id='word_1_141' title='bbox 514 1260 619 1299; x_wconf 63' lang='lat' dir='ltr'>orgeio-tv</span> <span class='ocrx_word' id='word_1_142' title='bbox 637 1270 693 1298; x_wconf 89' lang='lat' dir='ltr'>pro</span> <span class='ocrx_word' id='word_1_143' title='bbox 709 1258 820 1299; x_wconf 69' lang='grc' dir='ltr'>πρᾶξιν.</span> 
     </span>
    </p>

    <p class='ocr_par' dir='ltr' id='par_1_7' title="bbox 118 1302 836 1419">
     <span class='ocr_line' id='line_1_26' title="bbox 163 1302 836 1344; baseline -0.001 -12"><span class='ocrx_word' id='word_1_144' title='bbox 163 1313 195 1341; x_wconf 80' lang='lat' dir='ltr'>p.</span> <span class='ocrx_word' id='word_1_145' title='bbox 211 1303 265 1333; x_wconf 83' lang='lat'>53.</span> <span class='ocrx_word' id='word_1_146' title='bbox 282 1313 312 1332; x_wconf 87' lang='lat' dir='ltr'>v.</span> <span class='ocrx_word' id='word_1_147' title='bbox 326 1305 356 1332; x_wconf 89' lang='lat'>1.</span> <span class='ocrx_word' id='word_1_148' title='bbox 379 1303 587 1344; x_wconf 79' lang='grc' dir='ltr'><strong>ΜΑΡΊὝΡΙΑ]</strong></span> <span class='ocrx_word' id='word_1_149' title='bbox 612 1302 742 1332; x_wconf 86' lang='lat' dir='ltr'>Praetuli</span> <span class='ocrx_word' id='word_1_150' title='bbox 757 1309 836 1343; x_wconf 69' lang='lat' dir='ltr'>Mag-</span> 
     </span>
     <span class='ocr_line' id='line_1_27' title="bbox 118 1345 836 1385; baseline 0.001 -10"><span class='ocrx_word' id='word_1_151' title='bbox 118 1345 222 1385; x_wconf 71' lang='grc' dir='ltr'><strong>τυςίαι,</strong></span> <span class='ocrx_word' id='word_1_152' title='bbox 243 1350 314 1376; x_wconf 82' lang='lat' dir='ltr'>sunt</span> <span class='ocrx_word' id='word_1_153' title='bbox 336 1345 416 1376; x_wconf 91' lang='lat' dir='ltr'>enim</span> <span class='ocrx_word' id='word_1_154' title='bbox 433 1346 495 1376; x_wconf 90' lang='lat' dir='ltr'>duo</span> <span class='ocrx_word' id='word_1_155' title='bbox 511 1346 699 1382; x_wconf 86' lang='lat' dir='ltr'>testimonia,</span> <span class='ocrx_word' id='word_1_156' title='bbox 716 1346 836 1376; x_wconf 88' lang='lat' dir='ltr'>Leuco-</span> 
     </span>
     <span class='ocr_line' id='line_1_28' title="bbox 118 1388 462 1419; baseline 0.006 -2"><span class='ocrx_word' id='word_1_157' title='bbox 118 1389 199 1418; x_wconf 89' lang='lat' dir='ltr'>nidae</span> <span class='ocrx_word' id='word_1_158' title='bbox 213 1394 244 1419; x_wconf 84' lang='lat' dir='ltr'>et</span> <span class='ocrx_word' id='word_1_159' title='bbox 260 1388 462 1419; x_wconf 89' lang='lat' dir='ltr'>Philemonis.</span> 
     </span>
    </p>

    <p class='ocr_par' dir='ltr' id='par_1_8' title="bbox 119 1429 836 1558">
     <span class='ocr_line' id='line_1_29' title="bbox 163 1429 836 1472; baseline 0.001 -11"><span class='ocrx_word' id='word_1_160' title='bbox 163 1431 191 1471; x_wconf 58' lang='grc' dir='ltr'><strong>ς.</strong></span> <span class='ocrx_word' id='word_1_161' title='bbox 213 1429 255 1462; x_wconf 79' lang='grc' dir='ltr'>κέ.</span> <span class='ocrx_word' id='word_1_162' title='bbox 283 1442 316 1471; x_wconf 89' lang='lat' dir='ltr'>p.</span> <span class='ocrx_word' id='word_1_163' title='bbox 336 1434 389 1464; x_wconf 83' lang='lat'>53.</span> <span class='ocrx_word' id='word_1_164' title='bbox 418 1443 451 1462; x_wconf 84' lang='lat' dir='ltr'>v.</span> <span class='ocrx_word' id='word_1_165' title='bbox 475 1436 525 1464; x_wconf 89' lang='lat'>18.</span> <span class='ocrx_word' id='word_1_166' title='bbox 548 1434 603 1462; x_wconf 79' lang='grc' dir='ltr'>τῶν</span> <span class='ocrx_word' id='word_1_167' title='bbox 626 1431 658 1462; x_wconf 79' lang='grc' dir='ltr'>ἐκ</span> <span class='ocrx_word' id='word_1_168' title='bbox 680 1431 747 1472; x_wconf 69' lang='grc' dir='ltr'><strong>τῗῐς]</strong></span> <span class='ocrx_word' id='word_1_169' title='bbox 771 1433 836 1463; x_wconf 88' lang='lat' dir='ltr'>Aut</span> 
     </span>
     <span class='ocr_line' id='line_1_30' title="bbox 119 1474 836 1514; baseline 0.003 -10"><span class='ocrx_word' id='word_1_170' title='bbox 119 1474 210 1514; x_wconf 87' lang='lat' dir='ltr'>plane</span> <span class='ocrx_word' id='word_1_171' title='bbox 232 1475 398 1505; x_wconf 91' lang='lat' dir='ltr'>delendum</span> <span class='ocrx_word' id='word_1_172' title='bbox 419 1480 466 1505; x_wconf 84' lang='lat' dir='ltr'>est</span> <span class='ocrx_word' id='word_1_173' title='bbox 489 1476 546 1505; x_wconf 85' lang='lat' dir='ltr'>hoc</span> <span class='ocrx_word' id='word_1_174' title='bbox 566 1478 632 1513; x_wconf 76' lang='grc' dir='ltr'><strong>τῶν,</strong></span> <span class='ocrx_word' id='word_1_175' title='bbox 648 1486 717 1506; x_wconf 89' lang='lat' dir='ltr'>cum</span> <span class='ocrx_word' id='word_1_176' title='bbox 738 1476 836 1506; x_wconf 90' lang='lat' dir='ltr'>Lock.</span> 
     </span>
     <span class='ocr_line' id='line_1_31' title="bbox 121 1518 579 1558; baseline 0.002 -11"><span class='ocrx_word' id='word_1_177' title='bbox 121 1522 174 1548; x_wconf 88' lang='lat' dir='ltr'>aut</span> <span class='ocrx_word' id='word_1_178' title='bbox 191 1520 257 1557; x_wconf 85' lang='lat' dir='ltr'>ejus</span> <span class='ocrx_word' id='word_1_179' title='bbox 272 1518 341 1548; x_wconf 91' lang='lat' dir='ltr'>loco</span> <span class='ocrx_word' id='word_1_180' title='bbox 356 1518 418 1558; x_wconf 89' lang='lat' dir='ltr'>leg.</span> <span class='ocrx_word' id='word_1_181' title='bbox 436 1522 484 1548; x_wconf 84' lang='lat' dir='ltr'>est</span> <span class='ocrx_word' id='word_1_182' title='bbox 504 1518 579 1553; x_wconf 85' lang='grc' dir='ltr'><strong>τούς.</strong></span> 
     </span>
    </p>

    <p class='ocr_par' dir='ltr' id='par_1_9' title="bbox 117 1560 838 1946">
     <span class='ocr_line' id='line_1_32' title="bbox 163 1560 838 1602; baseline 0.003 -12"><span class='ocrx_word' id='word_1_183' title='bbox 163 1561 242 1591; x_wconf 88' lang='lat' dir='ltr'>ibid.</span> <span class='ocrx_word' id='word_1_184' title='bbox 258 1572 287 1592; x_wconf 73' lang='grc' dir='ltr'>ν.</span> <span class='ocrx_word' id='word_1_185' title='bbox 305 1564 357 1592; x_wconf 83' lang='lat'>24.</span> <span class='ocrx_word' id='word_1_186' title='bbox 377 1562 442 1595; x_wconf 80' lang='grc' dir='ltr'><strong>τοὺς</strong></span> <span class='ocrx_word' id='word_1_187' title='bbox 458 1560 553 1602; x_wconf 79' lang='grc' dir='ltr'><strong>ὀνείδη]</strong></span> <span class='ocrx_word' id='word_1_188' title='bbox 581 1562 688 1592; x_wconf 81' lang='lat' dir='ltr'>Malim</span> <span class='ocrx_word' id='word_1_189' title='bbox 703 1561 769 1596; x_wconf 78' lang='grc' dir='ltr'><strong>τοὺς</strong></span> <span class='ocrx_word' id='word_1_190' title='bbox 783 1561 838 1592; x_wconf 67' lang='grc' dir='ltr'>ἐπ’</span> 
     </span>
     <span class='ocr_line' id='line_1_33' title="bbox 118 1603 837 1644; baseline 0.003 -10"><span class='ocrx_word' id='word_1_191' title='bbox 118 1603 218 1634; x_wconf 76' lang='grc' dir='ltr'>ὀνείδει.</span> <span class='ocrx_word' id='word_1_192' title='bbox 246 1605 307 1635; x_wconf 91' lang='lat' dir='ltr'>Sed</span> <span class='ocrx_word' id='word_1_193' title='bbox 320 1605 407 1635; x_wconf 86' lang='lat' dir='ltr'>locus</span> <span class='ocrx_word' id='word_1_194' title='bbox 420 1605 504 1634; x_wconf 87' lang='lat' dir='ltr'>varie</span> <span class='ocrx_word' id='word_1_195' title='bbox 516 1610 620 1644; x_wconf 86' lang='lat' dir='ltr'>potest</span> <span class='ocrx_word' id='word_1_196' title='bbox 633 1606 756 1641; x_wconf 89' lang='lat' dir='ltr'>tentari,</span> <span class='ocrx_word' id='word_1_197' title='bbox 770 1606 837 1636; x_wconf 84' lang='lat' dir='ltr'>sive</span> 
     </span>
     <span class='ocr_line' id='line_1_34' title="bbox 117 1646 836 1685; baseline 0.003 -8"><span class='ocrx_word' id='word_1_198' title='bbox 117 1649 184 1682; x_wconf 79' lang='grc' dir='ltr'><strong>τοὺς</strong></span> <span class='ocrx_word' id='word_1_199' title='bbox 201 1646 295 1683; x_wconf 73' lang='grc' dir='ltr'><strong>ὄνειδος</strong></span> <span class='ocrx_word' id='word_1_200' title='bbox 313 1647 361 1678; x_wconf 84' lang='grc' dir='ltr'>τόν</span> <span class='ocrx_word' id='word_1_201' title='bbox 376 1648 480 1679; x_wconf 76' lang='grc' dir='ltr'><strong>ἑαυτῶν</strong></span> <span class='ocrx_word' id='word_1_202' title='bbox 495 1647 563 1685; x_wconf 78' lang='grc' dir='ltr'><strong>Βίον,</strong></span> <span class='ocrx_word' id='word_1_203' title='bbox 579 1649 647 1678; x_wconf 88' lang='lat' dir='ltr'>sive</span> <span class='ocrx_word' id='word_1_204' title='bbox 671 1650 737 1683; x_wconf 77' lang='grc' dir='ltr'><strong>τοὺς</strong></span> <span class='ocrx_word' id='word_1_205' title='bbox 756 1647 836 1679; x_wconf 80' lang='grc' dir='ltr'>ὀνείδη</span> 
     </span>
     <span class='ocr_line' id='line_1_35' title="bbox 117 1689 838 1728; baseline 0.003 -8"><span class='ocrx_word' id='word_1_206' title='bbox 117 1691 183 1724; x_wconf 80' lang='grc' dir='ltr'><strong>τοὺς</strong></span> <span class='ocrx_word' id='word_1_207' title='bbox 199 1690 304 1721; x_wconf 77' lang='grc' dir='ltr'><strong>ἑαυτῶν</strong></span> <span class='ocrx_word' id='word_1_208' title='bbox 323 1689 407 1728; x_wconf 66' lang='lat' dir='ltr'>Cim,</span> <span class='ocrx_word' id='word_1_209' title='bbox 423 1691 488 1722; x_wconf 86' lang='lat' dir='ltr'>sive</span> <span class='ocrx_word' id='word_1_210' title='bbox 513 1693 579 1724; x_wconf 71' lang='grc' dir='ltr'><strong>τοὺς</strong></span> <span class='ocrx_word' id='word_1_211' title='bbox 593 1690 777 1722; x_wconf 77' lang='grc' dir='ltr'><strong>ἐπονείδιστον</strong></span> <span class='ocrx_word' id='word_1_212' title='bbox 791 1691 838 1722; x_wconf 73' lang='grc' dir='ltr'>τὸν</span> 
     </span>
     <span class='ocr_line' id='line_1_36' title="bbox 117 1732 836 1775; baseline 0.003 -12"><span class='ocrx_word' id='word_1_213' title='bbox 117 1733 225 1764; x_wconf 79' lang='grc' dir='ltr'><strong>ἑαυτῶν</strong></span> <span class='ocrx_word' id='word_1_214' title='bbox 247 1732 315 1766; x_wconf 75' lang='grc' dir='ltr'>βίον.</span> <span class='ocrx_word' id='word_1_215' title='bbox 352 1735 482 1770; x_wconf 90' lang='lat' dir='ltr'>Verum,</span> <span class='ocrx_word' id='word_1_216' title='bbox 506 1735 591 1775; x_wconf 91' lang='lat' dir='ltr'>quod</span> <span class='ocrx_word' id='word_1_217' title='bbox 619 1735 720 1774; x_wconf 90' lang='lat' dir='ltr'>primo</span> <span class='ocrx_word' id='word_1_218' title='bbox 745 1736 836 1774; x_wconf 89' lang='lat' dir='ltr'>posui</span> 
     </span>
     <span class='ocr_line' id='line_1_37' title="bbox 118 1777 836 1818; baseline 0.003 -12"><span class='ocrx_word' id='word_1_219' title='bbox 118 1777 199 1814; x_wconf 90' lang='lat' dir='ltr'>loco,</span> <span class='ocrx_word' id='word_1_220' title='bbox 215 1777 287 1807; x_wconf 89' lang='lat' dir='ltr'>ideo</span> <span class='ocrx_word' id='word_1_221' title='bbox 303 1777 336 1806; x_wconf 90' lang='lat' dir='ltr'>id</span> <span class='ocrx_word' id='word_1_222' title='bbox 354 1778 498 1817; x_wconf 88' lang='lat' dir='ltr'>equidem</span> <span class='ocrx_word' id='word_1_223' title='bbox 514 1779 688 1818; x_wconf 65' lang='lat' dir='ltr'>praeferam,</span> <span class='ocrx_word' id='word_1_224' title='bbox 701 1779 783 1817; x_wconf 92' lang='lat' dir='ltr'>quod</span> <span class='ocrx_word' id='word_1_225' title='bbox 798 1779 836 1808; x_wconf 90' lang='lat' dir='ltr'>li-</span> 
     </span>
     <span class='ocr_line' id='line_1_38' title="bbox 117 1819 835 1859; baseline 0.003 -10"><span class='ocrx_word' id='word_1_226' title='bbox 117 1825 251 1850; x_wconf 86' lang='lat' dir='ltr'>terarum</span> <span class='ocrx_word' id='word_1_227' title='bbox 267 1820 407 1859; x_wconf 82' lang='lat' dir='ltr'>vestigiis</span> <span class='ocrx_word' id='word_1_228' title='bbox 422 1821 545 1850; x_wconf 88' lang='lat' dir='ltr'>fidelius</span> <span class='ocrx_word' id='word_1_229' title='bbox 557 1822 696 1851; x_wconf 87' lang='lat' dir='ltr'>inhaeret.</span> <span class='ocrx_word' id='word_1_230' title='bbox 711 1819 758 1851; x_wconf 80' lang='grc' dir='ltr'>ἐπ’</span> <span class='ocrx_word' id='word_1_231' title='bbox 773 1820 835 1851; x_wconf 77' lang='grc' dir='ltr'><strong>ὀνεί-</strong></span> 
     </span>
     <span class='ocr_line' id='line_1_39' title="bbox 118 1863 834 1905; baseline 0.004 -13"><span class='ocrx_word' id='word_1_232' title='bbox 118 1863 157 1893; x_wconf 76' lang='grc' dir='ltr'>δει</span> <span class='ocrx_word' id='word_1_233' title='bbox 172 1863 397 1904; x_wconf 77' lang='grc' dir='ltr'><strong>παρασκευάζειν</strong></span> <span class='ocrx_word' id='word_1_234' title='bbox 411 1864 451 1905; x_wconf 73' lang='grc' dir='ltr'>τῇ</span> <span class='ocrx_word' id='word_1_235' title='bbox 474 1864 554 1894; x_wconf 77' lang='grc' dir='ltr'><strong>πόλει</strong></span> <span class='ocrx_word' id='word_1_236' title='bbox 568 1864 651 1894; x_wconf 90' lang='lat' dir='ltr'>idem</span> <span class='ocrx_word' id='word_1_237' title='bbox 668 1869 716 1894; x_wconf 85' lang='lat' dir='ltr'>est</span> <span class='ocrx_word' id='word_1_238' title='bbox 735 1865 834 1902; x_wconf 79' lang='lat' dir='ltr'>dictu,</span> 
     </span>
     <span class='ocr_line' id='line_1_40' title="bbox 118 1906 580 1946; baseline 0.002 -9"><span class='ocrx_word' id='word_1_239' title='bbox 118 1910 210 1946; x_wconf 81' lang='lat' dir='ltr'>atque</span> <span class='ocrx_word' id='word_1_240' title='bbox 227 1906 274 1937; x_wconf 78' lang='grc' dir='ltr'>ἐπ’</span> <span class='ocrx_word' id='word_1_241' title='bbox 288 1906 375 1937; x_wconf 76' lang='grc' dir='ltr'>ὀνείδει</span> <span class='ocrx_word' id='word_1_242' title='bbox 390 1908 442 1942; x_wconf 74' lang='grc' dir='ltr'>τῆς</span> <span class='ocrx_word' id='word_1_243' title='bbox 454 1906 580 1942; x_wconf 61' lang='grc' dir='ltr'>πόλεως.</span> 
     </span>
    </p>

    <p class='ocr_par' dir='ltr' id='par_1_10' title="bbox 160 1949 744 1990">
     <span class='ocr_line' id='line_1_41' title="bbox 160 1949 744 1990; baseline -0.002 -9"><span class='ocrx_word' id='word_1_244' title='bbox 160 1961 194 1989; x_wconf 86' lang='lat' dir='ltr'>p.</span> <span class='ocrx_word' id='word_1_245' title='bbox 212 1951 265 1981; x_wconf 88' lang='lat'>54.</span> <span class='ocrx_word' id='word_1_246' title='bbox 281 1961 312 1980; x_wconf 86' lang='lat' dir='ltr'>v.</span> <span class='ocrx_word' id='word_1_247' title='bbox 328 1952 360 1981; x_wconf 81' lang='lat'>3.</span> <span class='ocrx_word' id='word_1_248' title='bbox 375 1950 475 1990; x_wconf 76' lang='grc' dir='ltr'><strong>αὐτὴν]</strong></span> <span class='ocrx_word' id='word_1_249' title='bbox 502 1951 610 1980; x_wconf 87' lang='lat' dir='ltr'>Malim</span> <span class='ocrx_word' id='word_1_250' title='bbox 625 1949 744 1981; x_wconf 81' lang='grc' dir='ltr'><strong>ταύτην.</strong></span> 
     </span>
    </p>

    <p class='ocr_par' dir='ltr' id='par_1_11' title="bbox 116 1993 835 2508">
     <span class='ocr_line' id='line_1_42' title="bbox 160 1993 834 2035; baseline 0.001 -12"><span class='ocrx_word' id='word_1_251' title='bbox 160 1993 238 2023; x_wconf 89' lang='lat' dir='ltr'>ibid.</span> <span class='ocrx_word' id='word_1_252' title='bbox 255 2004 287 2024; x_wconf 86' lang='lat' dir='ltr'>v.</span> <span class='ocrx_word' id='word_1_253' title='bbox 312 1995 365 2024; x_wconf 87' lang='lat'>22.</span> <span class='ocrx_word' id='word_1_254' title='bbox 391 1995 435 2034; x_wconf 74' lang='grc' dir='ltr'>μὴ</span> <span class='ocrx_word' id='word_1_255' title='bbox 459 1995 515 2034; x_wconf 64' lang='grc' dir='ltr'>γὰρ</span> <span class='ocrx_word' id='word_1_256' title='bbox 539 1994 562 2023; x_wconf 84' lang='grc' dir='ltr'>εἶ</span> <span class='ocrx_word' id='word_1_257' title='bbox 588 1993 647 2035; x_wconf 78' lang='grc' dir='ltr'><strong>δ’τι]</strong></span> <span class='ocrx_word' id='word_1_258' title='bbox 678 1994 751 2024; x_wconf 90' lang='lat' dir='ltr'>Duo</span> <span class='ocrx_word' id='word_1_259' title='bbox 779 2004 834 2033; x_wconf 89' lang='lat' dir='ltr'>po-</span> 
     </span>
     <span class='ocr_line' id='line_1_43' title="bbox 119 2036 833 2078; baseline 0.003 -13"><span class='ocrx_word' id='word_1_260' title='bbox 119 2040 233 2066; x_wconf 87' lang='lat' dir='ltr'>strema</span> <span class='ocrx_word' id='word_1_261' title='bbox 247 2037 399 2066; x_wconf 85' lang='lat' dir='ltr'>vocabula</span> <span class='ocrx_word' id='word_1_262' title='bbox 418 2037 603 2077; x_wconf 85' lang='lat' dir='ltr'>transposui.</span> <span class='ocrx_word' id='word_1_263' title='bbox 634 2036 709 2078; x_wconf 86' lang='lat' dir='ltr'>Ego,</span> <span class='ocrx_word' id='word_1_264' title='bbox 724 2037 775 2077; x_wconf 78' lang='lat' dir='ltr'>qni</span> <span class='ocrx_word' id='word_1_265' title='bbox 791 2039 833 2067; x_wconf 84' lang='lat' dir='ltr'>vi-</span> 
     </span>
     <span class='ocr_line' id='line_1_44' title="bbox 119 2078 834 2116; baseline 0.003 -8"><span class='ocrx_word' id='word_1_266' title='bbox 119 2084 181 2109; x_wconf 87' lang='lat' dir='ltr'>tam</span> <span class='ocrx_word' id='word_1_267' title='bbox 195 2078 270 2109; x_wconf 76' lang='lat' dir='ltr'>mihi</span> <span class='ocrx_word' id='word_1_268' title='bbox 284 2079 404 2109; x_wconf 80' lang='lat' dir='ltr'>vitalem</span> <span class='ocrx_word' id='word_1_269' title='bbox 419 2079 502 2109; x_wconf 79' lang='lat' dir='ltr'>haud</span> <span class='ocrx_word' id='word_1_270' title='bbox 518 2080 638 2116; x_wconf 80' lang='lat' dir='ltr'>ducam,</span> <span class='ocrx_word' id='word_1_271' title='bbox 654 2082 678 2110; x_wconf 80' lang='lat' dir='ltr'>si</span> <span class='ocrx_word' id='word_1_272' title='bbox 698 2080 775 2109; x_wconf 86' lang='lat' dir='ltr'>vobis</span> <span class='ocrx_word' id='word_1_273' title='bbox 791 2082 834 2110; x_wconf 80' lang='lat' dir='ltr'>vi-</span> 
     </span>
     <span class='ocr_line' id='line_1_45' title="bbox 118 2123 834 2158; baseline 0 -6"><span class='ocrx_word' id='word_1_274' title='bbox 118 2123 191 2152; x_wconf 85' lang='lat' dir='ltr'>dear</span> <span class='ocrx_word' id='word_1_275' title='bbox 216 2123 391 2152; x_wconf 80' lang='lat' dir='ltr'>solummodo</span> <span class='ocrx_word' id='word_1_276' title='bbox 416 2124 460 2152; x_wconf 82' lang='lat' dir='ltr'>ita</span> <span class='ocrx_word' id='word_1_277' title='bbox 482 2123 594 2158; x_wconf 75' lang='lat' dir='ltr'>vixisse,</span> <span class='ocrx_word' id='word_1_278' title='bbox 620 2128 656 2153; x_wconf 79' lang='lat' dir='ltr'>ut</span> <span class='ocrx_word' id='word_1_279' title='bbox 680 2123 834 2153; x_wconf 84' lang='lat' dir='ltr'>credibilia</span> 
     </span>
     <span class='ocr_line' id='line_1_46' title="bbox 117 2165 834 2204; baseline 0.001 -10"><span class='ocrx_word' id='word_1_280' title='bbox 117 2165 178 2195; x_wconf 83' lang='lat' dir='ltr'>sint</span> <span class='ocrx_word' id='word_1_281' title='bbox 199 2166 326 2195; x_wconf 80' lang='lat' dir='ltr'>crimina</span> <span class='ocrx_word' id='word_1_282' title='bbox 346 2165 421 2195; x_wconf 82' lang='lat' dir='ltr'>mihi</span> <span class='ocrx_word' id='word_1_283' title='bbox 444 2167 602 2204; x_wconf 80' lang='lat' dir='ltr'>imputata,</span> <span class='ocrx_word' id='word_1_284' title='bbox 619 2166 727 2195; x_wconf 82' lang='lat' dir='ltr'>nedum</span> <span class='ocrx_word' id='word_1_285' title='bbox 753 2166 778 2195; x_wconf 78' lang='lat' dir='ltr'>si</span> <span class='ocrx_word' id='word_1_286' title='bbox 800 2175 834 2196; x_wconf 88' lang='lat' dir='ltr'>ea</span> 
     </span>
     <span class='ocr_line' id='line_1_47' title="bbox 116 2207 833 2249; baseline 0 -11"><span class='ocrx_word' id='word_1_287' title='bbox 116 2218 215 2247; x_wconf 77' lang='lat' dir='ltr'>reapse</span> <span class='ocrx_word' id='word_1_288' title='bbox 225 2214 438 2248; x_wconf 83' lang='lat' dir='ltr'>perpetravero.</span> <span class='ocrx_word' id='word_1_289' title='bbox 452 2211 495 2249; x_wconf 79' lang='grc' dir='ltr'>μὴ</span> <span class='ocrx_word' id='word_1_290' title='bbox 511 2207 554 2238; x_wconf 78' lang='grc' dir='ltr'><strong>δ’τι</strong></span> <span class='ocrx_word' id='word_1_291' title='bbox 571 2209 595 2239; x_wconf 90' lang='lat' dir='ltr'>si</span> <span class='ocrx_word' id='word_1_292' title='bbox 600 2208 724 2249; x_wconf 86' lang='lat' dir='ltr'>gnificat</span> <span class='ocrx_word' id='word_1_293' title='bbox 738 2208 833 2245; x_wconf 90' lang='lat' dir='ltr'>idem,</span> 
     </span>
     <span class='ocr_line' id='line_1_48' title="bbox 118 2251 832 2292; baseline 0.003 -12"><span class='ocrx_word' id='word_1_294' title='bbox 118 2255 209 2290; x_wconf 80' lang='lat' dir='ltr'>atque</span> <span class='ocrx_word' id='word_1_295' title='bbox 231 2253 274 2292; x_wconf 68' lang='grc' dir='ltr'>μὴ</span> <span class='ocrx_word' id='word_1_296' title='bbox 294 2251 385 2291; x_wconf 82' lang='grc' dir='ltr'><strong>μόνον,</strong></span> <span class='ocrx_word' id='word_1_297' title='bbox 404 2256 435 2281; x_wconf 90' lang='lat' dir='ltr'>et</span> <span class='ocrx_word' id='word_1_298' title='bbox 456 2252 612 2291; x_wconf 90' lang='lat' dir='ltr'>aliquanto</span> <span class='ocrx_word' id='word_1_299' title='bbox 637 2252 729 2282; x_wconf 89' lang='lat' dir='ltr'>etiam</span> <span class='ocrx_word' id='word_1_300' title='bbox 750 2252 832 2291; x_wconf 92' lang='lat' dir='ltr'>plus.</span> 
     </span>
     <span class='ocr_line' id='line_1_49' title="bbox 118 2294 832 2335; baseline 0.003 -11"><span class='ocrx_word' id='word_1_301' title='bbox 118 2294 366 2325; x_wconf 86' lang='lat' dir='ltr'>Constructionis</span> <span class='ocrx_word' id='word_1_302' title='bbox 392 2295 483 2334; x_wconf 89' lang='lat' dir='ltr'>hujus</span> <span class='ocrx_word' id='word_1_303' title='bbox 508 2296 603 2335; x_wconf 81' lang='lat' dir='ltr'>paulo</span> <span class='ocrx_word' id='word_1_304' title='bbox 629 2295 832 2326; x_wconf 81' lang='lat' dir='ltr'>intricatioris</span> 
     </span>
     <span class='ocr_line' id='line_1_50' title="bbox 119 2337 835 2378; baseline 0.003 -11"><span class='ocrx_word' id='word_1_305' title='bbox 119 2337 288 2376; x_wconf 81' lang='lat' dir='ltr'>explicatio</span> <span class='ocrx_word' id='word_1_306' title='bbox 304 2338 369 2368; x_wconf 86' lang='lat' dir='ltr'>haec</span> <span class='ocrx_word' id='word_1_307' title='bbox 385 2342 445 2368; x_wconf 89' lang='lat' dir='ltr'>est.</span> <span class='ocrx_word' id='word_1_308' title='bbox 463 2338 612 2378; x_wconf 80' lang='grc' dir='ltr'><strong>ἦγούμενός</strong></span> <span class='ocrx_word' id='word_1_309' title='bbox 634 2350 686 2378; x_wconf 80' lang='grc' dir='ltr'>μοι</span> <span class='ocrx_word' id='word_1_310' title='bbox 710 2338 757 2368; x_wconf 75' lang='grc' dir='ltr'>τὸν</span> <span class='ocrx_word' id='word_1_311' title='bbox 777 2338 835 2371; x_wconf 76' lang='grc' dir='ltr'>βίον</span> 
     </span>
     <span class='ocr_line' id='line_1_51' title="bbox 118 2379 833 2422; baseline 0.003 -12"><span class='ocrx_word' id='word_1_312' title='bbox 118 2379 238 2414; x_wconf 75' lang='grc' dir='ltr'>ἀβίωτον</span> <span class='ocrx_word' id='word_1_313' title='bbox 258 2379 338 2411; x_wconf 73' lang='grc' dir='ltr'><strong>εῖναι·</strong></span> <span class='ocrx_word' id='word_1_314' title='bbox 360 2380 426 2422; x_wconf 75' lang='grc' dir='ltr'><strong>(οὐκ</strong></span> <span class='ocrx_word' id='word_1_315' title='bbox 450 2379 512 2421; x_wconf 74' lang='grc' dir='ltr'>ἒςῶ,</span> <span class='ocrx_word' id='word_1_316' title='bbox 534 2381 577 2411; x_wconf 80' lang='grc' dir='ltr'><strong>δ’τι</strong></span> <span class='ocrx_word' id='word_1_317' title='bbox 600 2383 686 2412; x_wconf 78' lang='grc' dir='ltr'><strong>τοῦτο</strong></span> <span class='ocrx_word' id='word_1_318' title='bbox 710 2383 833 2422; x_wconf 72' lang='grc' dir='ltr'><strong>ἡγοῦμαι</strong></span> 
     </span>
     <span class='ocr_line' id='line_1_52' title="bbox 117 2422 832 2466; baseline 0.003 -13"><span class='ocrx_word' id='word_1_319' title='bbox 117 2422 208 2462; x_wconf 79' lang='grc' dir='ltr'><strong>μόνον,</strong></span> <span class='ocrx_word' id='word_1_320' title='bbox 220 2423 245 2453; x_wconf 76' lang='grc' dir='ltr'>εἶ’</span> <span class='ocrx_word' id='word_1_321' title='bbox 258 2436 289 2454; x_wconf 84' lang='grc' dir='ltr'>τι</span> <span class='ocrx_word' id='word_1_322' title='bbox 304 2423 411 2454; x_wconf 84' lang='grc' dir='ltr'><strong>τούτων</strong></span> <span class='ocrx_word' id='word_1_323' title='bbox 427 2422 605 2466; x_wconf 66' lang='grc' dir='ltr'><strong>’πέπρακταί</strong></span> <span class='ocrx_word' id='word_1_324' title='bbox 617 2437 679 2464; x_wconf 84' lang='grc' dir='ltr'>μοι,</span> <span class='ocrx_word' id='word_1_325' title='bbox 694 2426 775 2455; x_wconf 72' lang='grc' dir='ltr'>ἀλλὰ</span> <span class='ocrx_word' id='word_1_326' title='bbox 785 2426 832 2455; x_wconf 79' lang='grc' dir='ltr'>καὶ</span> 
     </span>
     <span class='ocr_line' id='line_1_53' title="bbox 119 2466 463 2508; baseline 0.003 -12"><span class='ocrx_word' id='word_1_327' title='bbox 119 2467 143 2496; x_wconf 79' lang='grc' dir='ltr'>εἰ</span> <span class='ocrx_word' id='word_1_328' title='bbox 159 2466 273 2507; x_wconf 76' lang='grc' dir='ltr'><strong>δόξαιμι</strong></span> <span class='ocrx_word' id='word_1_329' title='bbox 287 2467 368 2507; x_wconf 79' lang='grc' dir='ltr'><strong>μόνον</strong></span> <span class='ocrx_word' id='word_1_330' title='bbox 383 2468 463 2508; x_wconf 78' lang='grc' dir='ltr'><strong>ὑμῖν.</strong></span> 
     </span>
    </p>

    <p class='ocr_par' dir='ltr' id='par_1_12' title="bbox 118 2509 834 2680">
     <span class='ocr_line' id='line_1_54' title="bbox 162 2509 833 2551; baseline 0.004 -12"><span class='ocrx_word' id='word_1_331' title='bbox 162 2510 237 2541; x_wconf 84' lang='lat' dir='ltr'>ibid.</span> <span class='ocrx_word' id='word_1_332' title='bbox 252 2520 282 2539; x_wconf 87' lang='lat' dir='ltr'>v.</span> <span class='ocrx_word' id='word_1_333' title='bbox 299 2520 370 2549; x_wconf 89' lang='lat' dir='ltr'>pen.</span> <span class='ocrx_word' id='word_1_334' title='bbox 393 2509 629 2551; x_wconf 67' lang='grc' dir='ltr'><strong>καταχςῆσ-ασθέ</strong></span> <span class='ocrx_word' id='word_1_335' title='bbox 654 2510 721 2551; x_wconf 87' lang='grc' dir='ltr'><strong>μοι]</strong></span> <span class='ocrx_word' id='word_1_336' title='bbox 747 2512 833 2542; x_wconf 90' lang='lat' dir='ltr'>Bene</span> 
     </span>
     <span class='ocr_line' id='line_1_55' title="bbox 119 2551 834 2594; baseline 0.003 -12"><span class='ocrx_word' id='word_1_337' title='bbox 119 2551 222 2583; x_wconf 87' lang='lat' dir='ltr'>habet.</span> <span class='ocrx_word' id='word_1_338' title='bbox 253 2553 379 2583; x_wconf 85' lang='lat' dir='ltr'>Utimini</span> <span class='ocrx_word' id='word_1_339' title='bbox 394 2564 455 2590; x_wconf 91' lang='lat' dir='ltr'>me,</span> <span class='ocrx_word' id='word_1_340' title='bbox 467 2564 524 2584; x_wconf 88' lang='lat' dir='ltr'>seu</span> <span class='ocrx_word' id='word_1_341' title='bbox 540 2565 670 2594; x_wconf 88' lang='lat' dir='ltr'>corpore</span> <span class='ocrx_word' id='word_1_342' title='bbox 686 2564 765 2592; x_wconf 88' lang='lat' dir='ltr'>meo,</span> <span class='ocrx_word' id='word_1_343' title='bbox 776 2565 834 2594; x_wconf 89' lang='lat' dir='ltr'>pro</span> 
     </span>
     <span class='ocr_line' id='line_1_56' title="bbox 118 2595 833 2637; baseline 0.006 -13"><span class='ocrx_word' id='word_1_344' title='bbox 118 2595 218 2625; x_wconf 84' lang='lat' dir='ltr'>lubitu</span> <span class='ocrx_word' id='word_1_345' title='bbox 241 2601 358 2632; x_wconf 83' lang='lat' dir='ltr'>vestro,</span> <span class='ocrx_word' id='word_1_346' title='bbox 373 2597 412 2626; x_wconf 86' lang='lat' dir='ltr'>ad</span> <span class='ocrx_word' id='word_1_347' title='bbox 432 2598 598 2637; x_wconf 87' lang='lat' dir='ltr'>parandam</span> <span class='ocrx_word' id='word_1_348' title='bbox 623 2597 711 2627; x_wconf 88' lang='lat' dir='ltr'>vobis</span> <span class='ocrx_word' id='word_1_349' title='bbox 731 2608 772 2628; x_wconf 85' lang='lat' dir='ltr'>ex</span> <span class='ocrx_word' id='word_1_350' title='bbox 797 2608 833 2628; x_wconf 91' lang='lat' dir='ltr'>eo</span> 
     </span>
     <span class='ocr_line' id='line_1_57' title="bbox 120 2638 659 2680; baseline 0.004 -12"><span class='ocrx_word' id='word_1_351' title='bbox 120 2638 344 2669; x_wconf 80' lang='lat' dir='ltr'>defensionem.</span> <span class='ocrx_word' id='word_1_352' title='bbox 358 2641 396 2670; x_wconf 89' lang='lat' dir='ltr'>V.</span> <span class='ocrx_word' id='word_1_353' title='bbox 415 2650 447 2680; x_wconf 91' lang='lat' dir='ltr'>p.</span> <span class='ocrx_word' id='word_1_354' title='bbox 467 2643 540 2670; x_wconf 91' lang='lat'>111.</span> <span class='ocrx_word' id='word_1_355' title='bbox 556 2651 586 2670; x_wconf 81' lang='grc' dir='ltr'>ν.</span> <span class='ocrx_word' id='word_1_356' title='bbox 604 2640 659 2670; x_wconf 87' lang='lat' dir='ltr'>ult.</span> 
     </span>
    </p>

    <p class='ocr_par' dir='ltr' id='par_1_13' title="bbox 120 2680 837 2840">
     <span class='ocr_line' id='line_1_58' title="bbox 162 2680 834 2725; baseline 0.004 -14"><span class='ocrx_word' id='word_1_357' title='bbox 162 2681 189 2721; x_wconf 87' lang='lat'>§.</span> <span class='ocrx_word' id='word_1_358' title='bbox 212 2680 267 2719; x_wconf 77' lang='lat'><em>’‘5‘·</em></span> <span class='ocrx_word' id='word_1_359' title='bbox 288 2693 322 2722; x_wconf 91' lang='lat' dir='ltr'>p.</span> <span class='ocrx_word' id='word_1_360' title='bbox 339 2682 393 2714; x_wconf 85' lang='lat'>55.</span> <span class='ocrx_word' id='word_1_361' title='bbox 414 2694 445 2713; x_wconf 88' lang='lat' dir='ltr'>v.</span> <span class='ocrx_word' id='word_1_362' title='bbox 470 2686 500 2715; x_wconf 88' lang='lat'>9.</span> <span class='ocrx_word' id='word_1_363' title='bbox 521 2683 550 2712; x_wconf 84' lang='grc' dir='ltr'><strong>αῖ</strong></span> <span class='ocrx_word' id='word_1_364' title='bbox 571 2683 703 2725; x_wconf 72' lang='grc' dir='ltr'><strong>οἰκήσεις]</strong></span> <span class='ocrx_word' id='word_1_365' title='bbox 727 2684 766 2714; x_wconf 92' lang='lat' dir='ltr'>Id</span> <span class='ocrx_word' id='word_1_366' title='bbox 788 2688 834 2714; x_wconf 88' lang='lat' dir='ltr'>est</span> 
     </span>
     <span class='ocr_line' id='line_1_59' title="bbox 120 2722 837 2766; baseline 0.004 -13"><span class='ocrx_word' id='word_1_367' title='bbox 120 2722 153 2753; x_wconf 84' lang='grc' dir='ltr'><strong>τό</strong></span> <span class='ocrx_word' id='word_1_368' title='bbox 175 2724 256 2755; x_wconf 81' lang='grc' dir='ltr'><strong>οἰκεῖν</strong></span> <span class='ocrx_word' id='word_1_369' title='bbox 274 2727 339 2759; x_wconf 76' lang='grc' dir='ltr'><strong>τοὺς</strong></span> <span class='ocrx_word' id='word_1_370' title='bbox 362 2725 417 2766; x_wconf 81' lang='grc' dir='ltr'>μὲν</span> <span class='ocrx_word' id='word_1_371' title='bbox 438 2725 568 2762; x_wconf 63' lang='grc' dir='ltr'><strong>ἐνταυθὶ,</strong></span> <span class='ocrx_word' id='word_1_372' title='bbox 583 2728 648 2762; x_wconf 76' lang='grc' dir='ltr'><strong>τοὺς</strong></span> <span class='ocrx_word' id='word_1_373' title='bbox 672 2727 699 2757; x_wconf 80' lang='grc' dir='ltr'>δὲ</span> <span class='ocrx_word' id='word_1_374' title='bbox 727 2725 837 2757; x_wconf 69' lang='grc' dir='ltr'><strong>ἄλλοθί</strong></span> 
     </span>
     <span class='ocr_line' id='line_1_60' title="bbox 120 2768 835 2808; baseline 0.004 -11"><span class='ocrx_word' id='word_1_375' title='bbox 120 2777 171 2797; x_wconf 74' lang='grc' dir='ltr'>πη.</span> <span class='ocrx_word' id='word_1_376' title='bbox 199 2768 282 2803; x_wconf 86' lang='lat' dir='ltr'>Hoc,</span> <span class='ocrx_word' id='word_1_377' title='bbox 297 2770 379 2808; x_wconf 87' lang='lat' dir='ltr'>quod</span> <span class='ocrx_word' id='word_1_378' title='bbox 394 2769 448 2799; x_wconf 88' lang='lat' dir='ltr'>alii</span> <span class='ocrx_word' id='word_1_379' title='bbox 463 2770 531 2799; x_wconf 83' lang='lat' dir='ltr'>aliis</span> <span class='ocrx_word' id='word_1_380' title='bbox 547 2769 579 2799; x_wconf 90' lang='lat' dir='ltr'>in</span> <span class='ocrx_word' id='word_1_381' title='bbox 595 2770 762 2800; x_wconf 90' lang='lat' dir='ltr'>domiciliis</span> <span class='ocrx_word' id='word_1_382' title='bbox 785 2771 835 2800; x_wconf 86' lang='lat' dir='ltr'>ha-</span> 
     </span>
     <span class='ocr_line' id='line_1_61' title="bbox 120 2809 230 2840; baseline 0.009 -1"><span class='ocrx_word' id='word_1_383' title='bbox 120 2809 230 2840; x_wconf 82' lang='lat' dir='ltr'>bitent.</span> 
     </span>
    </p>

    <p class='ocr_par' dir='ltr' id='par_1_14' title="bbox 121 2853 835 3021">
     <span class='ocr_line' id='line_1_62' title="bbox 162 2853 835 2896; baseline 0.006 -14"><span class='ocrx_word' id='word_1_384' title='bbox 162 2853 238 2883; x_wconf 91' lang='lat' dir='ltr'>ibid.</span> <span class='ocrx_word' id='word_1_385' title='bbox 252 2864 282 2883; x_wconf 89' lang='lat' dir='ltr'>v.</span> <span class='ocrx_word' id='word_1_386' title='bbox 300 2854 352 2884; x_wconf 87' lang='lat'>15.</span> <span class='ocrx_word' id='word_1_387' title='bbox 363 2853 521 2896; x_wconf 74' lang='grc' dir='ltr'><strong>οἰκήσεται]</strong></span> <span class='ocrx_word' id='word_1_388' title='bbox 537 2855 702 2894; x_wconf 81' lang='lat' dir='ltr'>Taylorum</span> <span class='ocrx_word' id='word_1_389' title='bbox 718 2856 835 2886; x_wconf 90' lang='lat' dir='ltr'>obstre-</span> 
     </span>
     <span class='ocr_line' id='line_1_63' title="bbox 121 2896 834 2938; baseline 0.006 -13"><span class='ocrx_word' id='word_1_390' title='bbox 121 2901 243 2934; x_wconf 82' lang='lat' dir='ltr'>pentem</span> <span class='ocrx_word' id='word_1_391' title='bbox 263 2896 307 2926; x_wconf 88' lang='lat' dir='ltr'>nil</span> <span class='ocrx_word' id='word_1_392' title='bbox 331 2907 452 2934; x_wconf 82' lang='lat' dir='ltr'>curans,</span> <span class='ocrx_word' id='word_1_393' title='bbox 468 2908 537 2928; x_wconf 91' lang='lat' dir='ltr'>curn</span> <span class='ocrx_word' id='word_1_394' title='bbox 563 2899 720 2938; x_wconf 88' lang='lat' dir='ltr'>Stephano</span> <span class='ocrx_word' id='word_1_395' title='bbox 742 2900 834 2932; x_wconf 80' lang='lat' dir='ltr'>facio.</span> 
     </span>
     <span class='ocr_line' id='line_1_64' title="bbox 121 2939 835 2981; baseline 0.007 -13"><span class='ocrx_word' id='word_1_396' title='bbox 121 2943 154 2968; x_wconf 75' lang='lat' dir='ltr'>el.</span> <span class='ocrx_word' id='word_1_397' title='bbox 166 2939 202 2968; x_wconf 90' lang='lat' dir='ltr'>ad</span> <span class='ocrx_word' id='word_1_398' title='bbox 214 2939 282 2980; x_wconf 88' lang='lat' dir='ltr'>ejus</span> <span class='ocrx_word' id='word_1_399' title='bbox 293 2944 424 2970; x_wconf 87' lang='lat' dir='ltr'>mentem</span> <span class='ocrx_word' id='word_1_400' title='bbox 437 2942 575 2971; x_wconf 80' lang='lat' dir='ltr'>Graecnm</span> <span class='ocrx_word' id='word_1_401' title='bbox 588 2942 678 2981; x_wconf 85' lang='lat' dir='ltr'>hujus</span> <span class='ocrx_word' id='word_1_402' title='bbox 690 2942 751 2972; x_wconf 88' lang='lat' dir='ltr'>loci</span> <span class='ocrx_word' id='word_1_403' title='bbox 767 2953 835 2973; x_wconf 86' lang='lat' dir='ltr'>ora-</span> 
     </span>
     <span class='ocr_line' id='line_1_65' title="bbox 122 2981 835 3021; baseline 0.006 -10"><span class='ocrx_word' id='word_1_404' title='bbox 122 2981 236 3012; x_wconf 87' lang='lat' dir='ltr'>tionem</span> <span class='ocrx_word' id='word_1_405' title='bbox 263 2983 439 3021; x_wconf 82' lang='lat' dir='ltr'>reformavi,</span> <span class='ocrx_word' id='word_1_406' title='bbox 454 2983 486 3014; x_wconf 91' lang='lat' dir='ltr'>in</span> <span class='ocrx_word' id='word_1_407' title='bbox 511 2984 569 3014; x_wconf 88' lang='lat' dir='ltr'>hoc</span> <span class='ocrx_word' id='word_1_408' title='bbox 594 2995 653 3015; x_wconf 92' lang='lat' dir='ltr'>uno</span> <span class='ocrx_word' id='word_1_409' title='bbox 669 2986 835 3017; x_wconf 79' lang='lat' dir='ltr'>discedens</span> 
     </span>
    </p>
   </div>
   <div class='ocr_carea' id='block_1_3' title="bbox 1477 169 1588 217">
    <p class='ocr_par' dir='ltr' id='par_1_15' title="bbox 1477 169 1588 217">
     <span class='ocr_line' id='line_1_66' title="bbox 1477 169 1588 217; baseline 0 0"><span class='ocrx_word' id='word_1_410' title='bbox 1477 169 1588 217; x_wconf 80' lang='lat'>333</span> 
     </span>
    </p>
   </div>
   <div class='ocr_carea' id='block_1_4' title="bbox 866 265 1592 3027">
    <p class='ocr_par' dir='ltr' id='par_1_16' title="bbox 874 265 1592 393">
     <span class='ocr_line' id='line_1_67' title="bbox 874 265 1592 309; baseline 0.004 -13"><span class='ocrx_word' id='word_1_411' title='bbox 874 267 912 297; x_wconf 82' lang='lat' dir='ltr'>ab</span> <span class='ocrx_word' id='word_1_412' title='bbox 939 265 1007 302; x_wconf 82' lang='lat' dir='ltr'>illo,</span> <span class='ocrx_word' id='word_1_413' title='bbox 1035 267 1118 306; x_wconf 91' lang='lat' dir='ltr'>quod</span> <span class='ocrx_word' id='word_1_414' title='bbox 1145 277 1202 306; x_wconf 91' lang='lat' dir='ltr'>pro</span> <span class='ocrx_word' id='word_1_415' title='bbox 1231 266 1323 309; x_wconf 73' lang='grc' dir='ltr'><strong>ἴατρός</strong></span> <span class='ocrx_word' id='word_1_416' title='bbox 1348 268 1492 299; x_wconf 60' lang='lat' dir='ltr'>olatio-evat</span> <span class='ocrx_word' id='word_1_417' title='bbox 1518 269 1592 299; x_wconf 88' lang='lat' dir='ltr'>dedi</span> 
     </span>
     <span class='ocr_line' id='line_1_68' title="bbox 874 307 1591 351; baseline 0.006 -13"><span class='ocrx_word' id='word_1_418' title='bbox 874 308 968 348; x_wconf 72' lang='grc' dir='ltr'><strong>ἴατςός</strong></span> <span class='ocrx_word' id='word_1_419' title='bbox 994 307 1192 345; x_wconf 75' lang='grc' dir='ltr'><strong>εἶσοικίσηται,</strong></span> <span class='ocrx_word' id='word_1_420' title='bbox 1218 321 1285 340; x_wconf 87' lang='lat' dir='ltr'>curn</span> <span class='ocrx_word' id='word_1_421' title='bbox 1315 311 1488 351; x_wconf 70' lang='lat' dir='ltr'>Stephanus</span> <span class='ocrx_word' id='word_1_422' title='bbox 1518 313 1591 342; x_wconf 86' lang='lat' dir='ltr'>sim-</span> 
     </span>
     <span class='ocr_line' id='line_1_69' title="bbox 874 351 1288 393; baseline 0.002 -12"><span class='ocrx_word' id='word_1_423' title='bbox 874 353 948 393; x_wconf 85' lang='lat' dir='ltr'>plex</span> <span class='ocrx_word' id='word_1_424' title='bbox 970 351 1112 383; x_wconf 80' lang='grc' dir='ltr'><strong>οἶκίσηται</strong></span> <span class='ocrx_word' id='word_1_425' title='bbox 1127 353 1288 383; x_wconf 88' lang='lat' dir='ltr'>voluisset.</span> 
     </span>
    </p>

    <p class='ocr_par' dir='ltr' id='par_1_17' title="bbox 871 394 1591 945">
     <span class='ocr_line' id='line_1_70' title="bbox 916 394 1589 438; baseline 0.005 -13.21"><span class='ocrx_word' id='word_1_426' title='bbox 916 394 1015 435; x_wconf 53' lang='lat' dir='ltr'>§.stag</span> <span class='ocrx_word' id='word_1_427' title='bbox 1037 406 1069 435; x_wconf 90' lang='lat' dir='ltr'>p.</span> <span class='ocrx_word' id='word_1_428' title='bbox 1091 396 1144 427; x_wconf 85' lang='lat'>56.</span> <span class='ocrx_word' id='word_1_429' title='bbox 1168 407 1198 425; x_wconf 90' lang='lat' dir='ltr'>v.</span> <span class='ocrx_word' id='word_1_430' title='bbox 1216 398 1246 425; x_wconf 86' lang='lat'>2.</span> <span class='ocrx_word' id='word_1_431' title='bbox 1263 396 1498 438; x_wconf 68' lang='grc' dir='ltr'><strong>ωαςαφέςει-]</strong></span> <span class='ocrx_word' id='word_1_432' title='bbox 1525 398 1589 428; x_wconf 86' lang='lat' dir='ltr'>Ra-</span> 
     </span>
     <span class='ocr_line' id='line_1_71' title="bbox 874 437 1588 478; baseline 0.006 -11"><span class='ocrx_word' id='word_1_433' title='bbox 874 437 1039 468; x_wconf 88' lang='lat' dir='ltr'>tiocinatur</span> <span class='ocrx_word' id='word_1_434' title='bbox 1054 439 1110 469; x_wconf 86' lang='lat' dir='ltr'>sic.</span> <span class='ocrx_word' id='word_1_435' title='bbox 1145 439 1179 468; x_wconf 91' lang='lat' dir='ltr'>Si</span> <span class='ocrx_word' id='word_1_436' title='bbox 1196 439 1332 478; x_wconf 86' lang='lat' dir='ltr'>vulgaris</span> <span class='ocrx_word' id='word_1_437' title='bbox 1354 440 1431 470; x_wconf 86' lang='lat' dir='ltr'>fama</span> <span class='ocrx_word' id='word_1_438' title='bbox 1447 442 1565 471; x_wconf 90' lang='lat' dir='ltr'>rebus</span> <span class='ocrx_word' id='word_1_439' title='bbox 1557 453 1588 471; x_wconf 86' lang='lat' dir='ltr'>in</span> 
     </span>
     <span class='ocr_line' id='line_1_72' title="bbox 874 481 1590 522; baseline 0.006 -12"><span class='ocrx_word' id='word_1_440' title='bbox 874 481 1016 511; x_wconf 91' lang='lat' dir='ltr'>omnibns</span> <span class='ocrx_word' id='word_1_441' title='bbox 1039 492 1112 512; x_wconf 86' lang='lat' dir='ltr'>vera</span> <span class='ocrx_word' id='word_1_442' title='bbox 1134 486 1230 518; x_wconf 91' lang='lat' dir='ltr'>esset,</span> <span class='ocrx_word' id='word_1_443' title='bbox 1252 482 1372 520; x_wconf 87' lang='lat' dir='ltr'>fideque</span> <span class='ocrx_word' id='word_1_444' title='bbox 1393 483 1497 522; x_wconf 84' lang='lat' dir='ltr'>digna,</span> <span class='ocrx_word' id='word_1_445' title='bbox 1517 495 1590 514; x_wconf 85' lang='lat' dir='ltr'>con-</span> 
     </span>
     <span class='ocr_line' id='line_1_73' title="bbox 873 526 1588 564; baseline 0.004 -10"><span class='ocrx_word' id='word_1_446' title='bbox 873 529 1054 563; x_wconf 84' lang='lat' dir='ltr'>sequeretur</span> <span class='ocrx_word' id='word_1_447' title='bbox 1071 526 1129 555; x_wconf 92' lang='lat' dir='ltr'>hoc</span> <span class='ocrx_word' id='word_1_448' title='bbox 1143 535 1277 564; x_wconf 89' lang='lat' dir='ltr'>quoque,</span> <span class='ocrx_word' id='word_1_449' title='bbox 1292 535 1354 560; x_wconf 76' lang='lat' dir='ltr'>me,</span> <span class='ocrx_word' id='word_1_450' title='bbox 1366 536 1435 555; x_wconf 88' lang='lat' dir='ltr'>cum</span> <span class='ocrx_word' id='word_1_451' title='bbox 1448 528 1588 557; x_wconf 87' lang='lat' dir='ltr'>Batalum</span> 
     </span>
     <span class='ocr_line' id='line_1_74' title="bbox 873 567 1589 606; baseline 0.006 -10"><span class='ocrx_word' id='word_1_452' title='bbox 873 567 1025 606; x_wconf 87' lang='lat' dir='ltr'>appellari</span> <span class='ocrx_word' id='word_1_453' title='bbox 1056 568 1148 598; x_wconf 90' lang='lat' dir='ltr'>audio</span> <span class='ocrx_word' id='word_1_454' title='bbox 1179 569 1368 604; x_wconf 87' lang='lat' dir='ltr'>auscultare,</span> <span class='ocrx_word' id='word_1_455' title='bbox 1395 579 1485 599; x_wconf 90' lang='lat' dir='ltr'>aures</span> <span class='ocrx_word' id='word_1_456' title='bbox 1513 571 1589 600; x_wconf 88' lang='lat' dir='ltr'>arri-</span> 
     </span>
     <span class='ocr_line' id='line_1_75' title="bbox 873 611 1590 649; baseline 0.007 -10"><span class='ocrx_word' id='word_1_457' title='bbox 873 620 958 649; x_wconf 86' lang='lat' dir='ltr'>gere,</span> <span class='ocrx_word' id='word_1_458' title='bbox 976 611 1110 641; x_wconf 90' lang='lat' dir='ltr'>animum</span> <span class='ocrx_word' id='word_1_459' title='bbox 1133 612 1308 648; x_wconf 86' lang='lat' dir='ltr'>advertere,</span> <span class='ocrx_word' id='word_1_460' title='bbox 1332 611 1476 642; x_wconf 87' lang='lat' dir='ltr'>insistere</span> <span class='ocrx_word' id='word_1_461' title='bbox 1493 614 1590 643; x_wconf 85' lang='lat' dir='ltr'>vesti-</span> 
     </span>
     <span class='ocr_line' id='line_1_76' title="bbox 871 653 1590 693; baseline 0.006 -11"><span class='ocrx_word' id='word_1_462' title='bbox 871 653 946 691; x_wconf 88' lang='lat' dir='ltr'>giis,</span> <span class='ocrx_word' id='word_1_463' title='bbox 962 655 1090 693; x_wconf 86' lang='lat' dir='ltr'>propius</span> <span class='ocrx_word' id='word_1_464' title='bbox 1106 655 1267 692; x_wconf 88' lang='lat' dir='ltr'>accedere,</span> <span class='ocrx_word' id='word_1_465' title='bbox 1288 654 1465 686; x_wconf 85' lang='lat' dir='ltr'>existimare</span> <span class='ocrx_word' id='word_1_466' title='bbox 1481 667 1590 686; x_wconf 88' lang='lat' dir='ltr'>vocem</span> 
     </span>
     <span class='ocr_line' id='line_1_77' title="bbox 872 696 1589 738; baseline 0.004 -12"><span class='ocrx_word' id='word_1_467' title='bbox 872 696 950 726; x_wconf 87' lang='lat' dir='ltr'>hanc</span> <span class='ocrx_word' id='word_1_468' title='bbox 963 698 1002 727; x_wconf 85' lang='lat' dir='ltr'>ad</span> <span class='ocrx_word' id='word_1_469' title='bbox 1019 708 1067 727; x_wconf 90' lang='lat' dir='ltr'>me</span> <span class='ocrx_word' id='word_1_470' title='bbox 1080 698 1248 738; x_wconf 86' lang='lat' dir='ltr'>pertinere,</span> <span class='ocrx_word' id='word_1_471' title='bbox 1260 708 1309 729; x_wconf 88' lang='lat' dir='ltr'>me</span> <span class='ocrx_word' id='word_1_472' title='bbox 1322 698 1438 728; x_wconf 84' lang='lat' dir='ltr'>vocari.</span> <span class='ocrx_word' id='word_1_473' title='bbox 1461 699 1589 738; x_wconf 86' lang='lat' dir='ltr'>Vulgari</span> 
     </span>
     <span class='ocr_line' id='line_1_78' title="bbox 873 739 1589 778; baseline 0.006 -10"><span class='ocrx_word' id='word_1_474' title='bbox 873 739 954 769; x_wconf 90' lang='lat' dir='ltr'>enim</span> <span class='ocrx_word' id='word_1_475' title='bbox 969 740 1112 778; x_wconf 85' lang='lat' dir='ltr'>dicterio,</span> <span class='ocrx_word' id='word_1_476' title='bbox 1126 752 1185 771; x_wconf 90' lang='lat' dir='ltr'>non</span> <span class='ocrx_word' id='word_1_477' title='bbox 1202 741 1441 777; x_wconf 75' lang='lat' dir='ltr'>Demosthenes,</span> <span class='ocrx_word' id='word_1_478' title='bbox 1454 742 1510 771; x_wconf 90' lang='lat' dir='ltr'>sed</span> <span class='ocrx_word' id='word_1_479' title='bbox 1527 743 1589 772; x_wconf 89' lang='lat' dir='ltr'>Ba—</span> 
     </span>
     <span class='ocr_line' id='line_1_79' title="bbox 871 783 1589 824; baseline 0.003 -12"><span class='ocrx_word' id='word_1_480' title='bbox 871 783 965 819; x_wconf 85' lang='lat' dir='ltr'>talus,</span> <span class='ocrx_word' id='word_1_481' title='bbox 982 784 1082 815; x_wconf 82' lang='lat' dir='ltr'>clueo.</span> <span class='ocrx_word' id='word_1_482' title='bbox 1115 786 1183 824; x_wconf 91' lang='lat' dir='ltr'>Ego</span> <span class='ocrx_word' id='word_1_483' title='bbox 1198 795 1275 815; x_wconf 86' lang='lat' dir='ltr'>vero</span> <span class='ocrx_word' id='word_1_484' title='bbox 1290 785 1348 814; x_wconf 91' lang='lat' dir='ltr'>alia</span> <span class='ocrx_word' id='word_1_485' title='bbox 1364 785 1474 815; x_wconf 91' lang='lat' dir='ltr'>omnia.</span> <span class='ocrx_word' id='word_1_486' title='bbox 1505 785 1589 815; x_wconf 86' lang='lat' dir='ltr'>Stul-</span> 
     </span>
     <span class='ocr_line' id='line_1_80' title="bbox 873 827 1590 864; baseline 0.004 -9"><span class='ocrx_word' id='word_1_487' title='bbox 873 830 922 856; x_wconf 87' lang='lat' dir='ltr'>tus</span> <span class='ocrx_word' id='word_1_488' title='bbox 939 827 1008 864; x_wconf 88' lang='lat' dir='ltr'>sim,</span> <span class='ocrx_word' id='word_1_489' title='bbox 1030 828 1057 858; x_wconf 84' lang='lat' dir='ltr'>si</span> <span class='ocrx_word' id='word_1_490' title='bbox 1072 833 1237 858; x_wconf 89' lang='lat' dir='ltr'>scommate</span> <span class='ocrx_word' id='word_1_491' title='bbox 1255 838 1390 858; x_wconf 85' lang='lat' dir='ltr'>movear.</span> <span class='ocrx_word' id='word_1_492' title='bbox 1420 829 1516 858; x_wconf 85' lang='lat' dir='ltr'>Fama</span> <span class='ocrx_word' id='word_1_493' title='bbox 1533 829 1590 859; x_wconf 76' lang='lat' dir='ltr'>ita-</span> 
     </span>
     <span class='ocr_line' id='line_1_81' title="bbox 872 871 1591 912; baseline 0.003 -13"><span class='ocrx_word' id='word_1_494' title='bbox 872 880 932 908; x_wconf 87' lang='lat' dir='ltr'>que</span> <span class='ocrx_word' id='word_1_495' title='bbox 960 871 1099 911; x_wconf 86' lang='lat' dir='ltr'>vulgaris</span> <span class='ocrx_word' id='word_1_496' title='bbox 1123 882 1205 912; x_wconf 84' lang='lat' dir='ltr'>saepe</span> <span class='ocrx_word' id='word_1_497' title='bbox 1233 872 1366 902; x_wconf 86' lang='lat' dir='ltr'>mendax</span> <span class='ocrx_word' id='word_1_498' title='bbox 1396 876 1428 901; x_wconf 90' lang='lat' dir='ltr'>et</span> <span class='ocrx_word' id='word_1_499' title='bbox 1454 872 1591 902; x_wconf 84' lang='lat' dir='ltr'>floccifa-</span> 
     </span>
     <span class='ocr_line' id='line_1_82' title="bbox 872 912 1056 945; baseline 0.022 -4"><span class='ocrx_word' id='word_1_500' title='bbox 872 912 981 943; x_wconf 87' lang='lat' dir='ltr'>cienda</span> <span class='ocrx_word' id='word_1_501' title='bbox 997 919 1056 945; x_wconf 86' lang='lat' dir='ltr'>est.</span> 
     </span>
    </p>

    <p class='ocr_par' dir='ltr' id='par_1_18' title="bbox 870 955 1591 1128">
     <span class='ocr_line' id='line_1_83' title="bbox 914 955 1589 999; baseline 0.003 -14"><span class='ocrx_word' id='word_1_502' title='bbox 914 956 990 987; x_wconf 87' lang='lat' dir='ltr'>ibid.</span> <span class='ocrx_word' id='word_1_503' title='bbox 1007 969 1036 989; x_wconf 82' lang='lat' dir='ltr'>v.</span> <span class='ocrx_word' id='word_1_504' title='bbox 1054 960 1085 989; x_wconf 89' lang='lat'>6.</span> <span class='ocrx_word' id='word_1_505' title='bbox 1101 956 1188 999; x_wconf 70' lang='grc' dir='ltr'><strong>τινὸς]</strong></span> <span class='ocrx_word' id='word_1_506' title='bbox 1212 957 1282 988; x_wconf 91' lang='lat' dir='ltr'>Non</span> <span class='ocrx_word' id='word_1_507' title='bbox 1302 968 1373 988; x_wconf 88' lang='lat' dir='ltr'>cum</span> <span class='ocrx_word' id='word_1_508' title='bbox 1395 955 1589 998; x_wconf 58' lang='grc' dir='ltr'><strong>ὑποκορίσμα-</strong></span> 
     </span>
     <span class='ocr_line' id='line_1_84' title="bbox 870 1000 1589 1041; baseline 0.004 -13"><span class='ocrx_word' id='word_1_509' title='bbox 870 1010 929 1035; x_wconf 79' lang='grc' dir='ltr'><strong>τος,</strong></span> <span class='ocrx_word' id='word_1_510' title='bbox 945 1002 1001 1030; x_wconf 90' lang='lat' dir='ltr'>sed</span> <span class='ocrx_word' id='word_1_511' title='bbox 1014 1012 1084 1031; x_wconf 89' lang='lat' dir='ltr'>cum</span> <span class='ocrx_word' id='word_1_512' title='bbox 1099 1000 1205 1035; x_wconf 70' lang='grc' dir='ltr'><strong>τίτθης</strong></span> <span class='ocrx_word' id='word_1_513' title='bbox 1220 1002 1364 1032; x_wconf 87' lang='lat' dir='ltr'>cohaeret.</span> <span class='ocrx_word' id='word_1_514' title='bbox 1388 1001 1425 1031; x_wconf 91' lang='lat' dir='ltr'>ld</span> <span class='ocrx_word' id='word_1_515' title='bbox 1441 1002 1501 1031; x_wconf 90' lang='lat' dir='ltr'>sibi</span> <span class='ocrx_word' id='word_1_516' title='bbox 1517 1013 1589 1041; x_wconf 87' lang='lat' dir='ltr'>cog-</span> 
     </span>
     <span class='ocr_line' id='line_1_85' title="bbox 870 1045 1591 1085; baseline 0.004 -13"><span class='ocrx_word' id='word_1_517' title='bbox 870 1053 981 1073; x_wconf 90' lang='lat' dir='ltr'>nomen</span> <span class='ocrx_word' id='word_1_518' title='bbox 1003 1045 1170 1075; x_wconf 83' lang='lat' dir='ltr'>adhaesisse</span> <span class='ocrx_word' id='word_1_519' title='bbox 1190 1046 1228 1074; x_wconf 89' lang='lat' dir='ltr'>ab</span> <span class='ocrx_word' id='word_1_520' title='bbox 1249 1045 1351 1085; x_wconf 86' lang='lat' dir='ltr'>aliqua</span> <span class='ocrx_word' id='word_1_521' title='bbox 1376 1045 1495 1074; x_wconf 86' lang='lat' dir='ltr'>nutrice</span> <span class='ocrx_word' id='word_1_522' title='bbox 1523 1056 1591 1082; x_wconf 80' lang='lat' dir='ltr'>sua,</span> 
     </span>
     <span class='ocr_line' id='line_1_86' title="bbox 871 1088 1295 1128; baseline 0.007 -13"><span class='ocrx_word' id='word_1_523' title='bbox 871 1096 939 1126; x_wconf 86' lang='lat' dir='ltr'>quae</span> <span class='ocrx_word' id='word_1_524' title='bbox 956 1088 987 1117; x_wconf 88' lang='lat' dir='ltr'>id</span> <span class='ocrx_word' id='word_1_525' title='bbox 1004 1088 1066 1118; x_wconf 83' lang='lat' dir='ltr'>sibi</span> <span class='ocrx_word' id='word_1_526' title='bbox 1081 1088 1295 1128; x_wconf 87' lang='lat' dir='ltr'>imposuisset.</span> 
     </span>
    </p>

    <p class='ocr_par' dir='ltr' id='par_1_19' title="bbox 870 1130 1590 1387">
     <span class='ocr_line' id='line_1_87' title="bbox 914 1130 1587 1171; baseline 0.003 -12"><span class='ocrx_word' id='word_1_527' title='bbox 914 1130 990 1161; x_wconf 91' lang='lat' dir='ltr'>ibid.</span> <span class='ocrx_word' id='word_1_528' title='bbox 1015 1142 1046 1161; x_wconf 88' lang='lat' dir='ltr'>v.</span> <span class='ocrx_word' id='word_1_529' title='bbox 1073 1134 1126 1161; x_wconf 89' lang='lat'>16.</span> <span class='ocrx_word' id='word_1_530' title='bbox 1154 1132 1214 1171; x_wconf 74' lang='grc' dir='ltr'>περὶ</span> <span class='ocrx_word' id='word_1_531' title='bbox 1247 1130 1275 1161; x_wconf 80' lang='grc' dir='ltr'>δὲ</span> <span class='ocrx_word' id='word_1_532' title='bbox 1309 1130 1435 1171; x_wconf 81' lang='grc' dir='ltr'><strong>κ.τ.λ.]</strong></span> <span class='ocrx_word' id='word_1_533' title='bbox 1470 1131 1587 1161; x_wconf 88' lang='lat' dir='ltr'>Locum</span> 
     </span>
     <span class='ocr_line' id='line_1_88' title="bbox 871 1172 1589 1214; baseline 0.003 -12"><span class='ocrx_word' id='word_1_534' title='bbox 871 1172 952 1202; x_wconf 82' lang='lat' dir='ltr'>huno</span> <span class='ocrx_word' id='word_1_535' title='bbox 974 1178 1006 1203; x_wconf 87' lang='lat' dir='ltr'>nt</span> <span class='ocrx_word' id='word_1_536' title='bbox 1033 1175 1208 1213; x_wconf 87' lang='lat' dir='ltr'>Stephanus</span> <span class='ocrx_word' id='word_1_537' title='bbox 1231 1175 1371 1210; x_wconf 90' lang='lat' dir='ltr'>dederat,</span> <span class='ocrx_word' id='word_1_538' title='bbox 1394 1176 1439 1204; x_wconf 87' lang='lat' dir='ltr'>ita</span> <span class='ocrx_word' id='word_1_539' title='bbox 1463 1175 1589 1214; x_wconf 88' lang='lat' dir='ltr'>reliqui,</span> 
     </span>
     <span class='ocr_line' id='line_1_89' title="bbox 870 1217 1588 1258; baseline 0.001 -13"><span class='ocrx_word' id='word_1_540' title='bbox 870 1220 956 1245; x_wconf 84' lang='lat' dir='ltr'>certa</span> <span class='ocrx_word' id='word_1_541' title='bbox 970 1217 1125 1247; x_wconf 88' lang='lat' dir='ltr'>medicina</span> <span class='ocrx_word' id='word_1_542' title='bbox 1137 1228 1154 1247; x_wconf 89' lang='lat' dir='ltr'>e</span> <span class='ocrx_word' id='word_1_543' title='bbox 1171 1217 1258 1247; x_wconf 91' lang='lat' dir='ltr'>bonis</span> <span class='ocrx_word' id='word_1_544' title='bbox 1274 1218 1363 1247; x_wconf 88' lang='lat' dir='ltr'>libris</span> <span class='ocrx_word' id='word_1_545' title='bbox 1379 1217 1459 1247; x_wconf 85' lang='lat' dir='ltr'>hand</span> <span class='ocrx_word' id='word_1_546' title='bbox 1476 1228 1588 1258; x_wconf 90' lang='lat' dir='ltr'>suppe-</span> 
     </span>
     <span class='ocr_line' id='line_1_90' title="bbox 871 1260 1590 1301; baseline 0.001 -13"><span class='ocrx_word' id='word_1_547' title='bbox 871 1262 966 1289; x_wconf 85' lang='lat' dir='ltr'>tente.</span> <span class='ocrx_word' id='word_1_548' title='bbox 990 1260 1123 1290; x_wconf 89' lang='lat' dir='ltr'>Videtur</span> <span class='ocrx_word' id='word_1_549' title='bbox 1136 1260 1303 1291; x_wconf 86' lang='lat' dir='ltr'>AEschines</span> <span class='ocrx_word' id='word_1_550' title='bbox 1319 1261 1362 1290; x_wconf 92' lang='lat' dir='ltr'>ita</span> <span class='ocrx_word' id='word_1_551' title='bbox 1376 1260 1513 1290; x_wconf 88' lang='lat' dir='ltr'>dedisse.</span> <span class='ocrx_word' id='word_1_552' title='bbox 1526 1261 1590 1301; x_wconf 63' lang='lat' dir='ltr'>mg?</span> 
     </span>
     <span class='ocr_line' id='line_1_91' title="bbox 871 1301 1589 1344; baseline 0.003 -13"><span class='ocrx_word' id='word_1_553' title='bbox 871 1301 900 1331; x_wconf 72' lang='grc' dir='ltr'>δὲ</span> <span class='ocrx_word' id='word_1_554' title='bbox 912 1303 977 1337; x_wconf 76' lang='grc' dir='ltr'><strong>τοὺς</strong></span> <span class='ocrx_word' id='word_1_555' title='bbox 988 1305 1044 1333; x_wconf 77' lang='grc' dir='ltr'>τῶν</span> <span class='ocrx_word' id='word_1_556' title='bbox 1057 1303 1219 1344; x_wconf 45' lang='lat' dir='ltr'>alvergem-mv</span> <span class='ocrx_word' id='word_1_557' title='bbox 1233 1301 1308 1338; x_wconf 77' lang='grc' dir='ltr'><strong>Βίους</strong></span> <span class='ocrx_word' id='word_1_558' title='bbox 1323 1313 1356 1333; x_wconf 77' lang='grc' dir='ltr'>τε</span> <span class='ocrx_word' id='word_1_559' title='bbox 1372 1303 1420 1333; x_wconf 75' lang='grc' dir='ltr'>καὶ</span> <span class='ocrx_word' id='word_1_560' title='bbox 1432 1303 1530 1342; x_wconf 81' lang='grc' dir='ltr'><strong>λόγους</strong></span> <span class='ocrx_word' id='word_1_561' title='bbox 1541 1303 1589 1334; x_wconf 79' lang='grc' dir='ltr'>καὶ</span> 
     </span>
     <span class='ocr_line' id='line_1_92' title="bbox 870 1346 1436 1387; baseline 0.004 -13"><span class='ocrx_word' id='word_1_562' title='bbox 870 1347 925 1379; x_wconf 72' lang='grc' dir='ltr'>τὰς</span> <span class='ocrx_word' id='word_1_563' title='bbox 939 1346 1054 1387; x_wconf 74' lang='grc' dir='ltr'><strong>πράξεις</strong></span> <span class='ocrx_word' id='word_1_564' title='bbox 1068 1347 1117 1376; x_wconf 76' lang='grc' dir='ltr'>καὶ</span> <span class='ocrx_word' id='word_1_565' title='bbox 1133 1347 1229 1387; x_wconf 83' lang='grc' dir='ltr'><strong>τύχας</strong></span> <span class='ocrx_word' id='word_1_566' title='bbox 1242 1346 1367 1384; x_wconf 66' lang='grc' dir='ltr'>ἀψευδής</span> <span class='ocrx_word' id='word_1_567' title='bbox 1381 1359 1436 1382; x_wconf 83' lang='grc' dir='ltr'>τις.</span> 
     </span>
    </p>

    <p class='ocr_par' dir='ltr' id='par_1_20' title="bbox 871 1389 1589 1515">
     <span class='ocr_line' id='line_1_93' title="bbox 914 1389 1588 1431; baseline 0.003 -13"><span class='ocrx_word' id='word_1_568' title='bbox 914 1400 946 1429; x_wconf 88' lang='lat' dir='ltr'>p.</span> <span class='ocrx_word' id='word_1_569' title='bbox 961 1392 1015 1421; x_wconf 83' lang='lat'>57.</span> <span class='ocrx_word' id='word_1_570' title='bbox 1032 1401 1061 1420; x_wconf 88' lang='lat' dir='ltr'>v.</span> <span class='ocrx_word' id='word_1_571' title='bbox 1079 1391 1130 1420; x_wconf 89' lang='lat'>15.</span> <span class='ocrx_word' id='word_1_572' title='bbox 1147 1392 1196 1420; x_wconf 75' lang='grc' dir='ltr'>τὴν</span> <span class='ocrx_word' id='word_1_573' title='bbox 1218 1390 1310 1431; x_wconf 79' lang='grc' dir='ltr'><strong>δόξαν]</strong></span> <span class='ocrx_word' id='word_1_574' title='bbox 1336 1389 1418 1420; x_wconf 90' lang='lat' dir='ltr'>Ante</span> <span class='ocrx_word' id='word_1_575' title='bbox 1441 1394 1493 1419; x_wconf 87' lang='lat' dir='ltr'>aut</span> <span class='ocrx_word' id='word_1_576' title='bbox 1515 1394 1588 1429; x_wconf 86' lang='lat' dir='ltr'>post</span> 
     </span>
     <span class='ocr_line' id='line_1_94' title="bbox 871 1432 1589 1470; baseline 0.004 -10"><span class='ocrx_word' id='word_1_577' title='bbox 871 1432 920 1462; x_wconf 78' lang='grc' dir='ltr'>τῆν</span> <span class='ocrx_word' id='word_1_578' title='bbox 936 1432 1045 1463; x_wconf 85' lang='lat' dir='ltr'>deesse</span> <span class='ocrx_word' id='word_1_579' title='bbox 1061 1433 1184 1464; x_wconf 87' lang='lat' dir='ltr'>videtur</span> <span class='ocrx_word' id='word_1_580' title='bbox 1195 1433 1351 1470; x_wconf 69' lang='grc' dir='ltr'><strong>ἀθάνατον,</strong></span> <span class='ocrx_word' id='word_1_581' title='bbox 1367 1438 1419 1463; x_wconf 88' lang='lat' dir='ltr'>aut</span> <span class='ocrx_word' id='word_1_582' title='bbox 1431 1433 1524 1470; x_wconf 77' lang='grc' dir='ltr'><strong>ἀΐδιον,</strong></span> <span class='ocrx_word' id='word_1_583' title='bbox 1537 1439 1589 1463; x_wconf 90' lang='lat' dir='ltr'>aut</span> 
     </span>
     <span class='ocr_line' id='line_1_95' title="bbox 871 1475 1036 1515; baseline 0.007 -11"><span class='ocrx_word' id='word_1_584' title='bbox 871 1475 932 1504; x_wconf 86' lang='lat' dir='ltr'>tale</span> <span class='ocrx_word' id='word_1_585' title='bbox 949 1475 1036 1515; x_wconf 92' lang='lat' dir='ltr'>quid.</span> 
     </span>
    </p>

    <p class='ocr_par' dir='ltr' id='par_1_21' title="bbox 915 1517 1584 1561">
     <span class='ocr_line' id='line_1_96' title="bbox 915 1517 1584 1561; baseline 0.001 -12"><span class='ocrx_word' id='word_1_586' title='bbox 915 1528 947 1557; x_wconf 84' lang='lat' dir='ltr'>p.</span> <span class='ocrx_word' id='word_1_587' title='bbox 962 1521 1015 1550; x_wconf 77' lang='lat'>5⁷.</span> <span class='ocrx_word' id='word_1_588' title='bbox 1033 1530 1062 1549; x_wconf 86' lang='lat' dir='ltr'>v.</span> <span class='ocrx_word' id='word_1_589' title='bbox 1081 1521 1133 1549; x_wconf 86' lang='lat'>22.</span> <span class='ocrx_word' id='word_1_590' title='bbox 1156 1517 1436 1560; x_wconf 68' lang='grc' dir='ltr'><strong>νν-ἒπισκῆψαι]</strong></span> <span class='ocrx_word' id='word_1_591' title='bbox 1462 1519 1545 1549; x_wconf 85' lang='lat' dir='ltr'>Dedi</span> <span class='ocrx_word' id='word_1_592' title='bbox 1569 1532 1584 1561; x_wconf 80' lang='grc' dir='ltr'><em>ῃ</em></span> 
     </span>
    </p>

    <p class='ocr_par' dir='ltr' id='par_1_22' title="bbox 870 1560 1587 1731">
     <span class='ocr_line' id='line_1_97' title="bbox 870 1560 1587 1599; baseline 0 -8"><span class='ocrx_word' id='word_1_593' title='bbox 870 1560 1166 1599; x_wconf 65' lang='grc' dir='ltr'><strong>-ἓωισκηψασθαι</strong></span> <span class='ocrx_word' id='word_1_594' title='bbox 1192 1562 1276 1592; x_wconf 91' lang='lat' dir='ltr'>istud</span> <span class='ocrx_word' id='word_1_595' title='bbox 1308 1569 1433 1592; x_wconf 87' lang='lat' dir='ltr'>auctore</span> <span class='ocrx_word' id='word_1_596' title='bbox 1460 1562 1501 1591; x_wconf 68' lang='lat' dir='ltr'>Vl</span> <span class='ocrx_word' id='word_1_597' title='bbox 1504 1562 1587 1598; x_wconf 87' lang='lat' dir='ltr'>olfio,</span> 
     </span>
     <span class='ocr_line' id='line_1_98' title="bbox 871 1604 1585 1636; baseline 0.001 -2"><span class='ocrx_word' id='word_1_598' title='bbox 871 1604 929 1634; x_wconf 90' lang='lat' dir='ltr'>hoc</span> <span class='ocrx_word' id='word_1_599' title='bbox 955 1616 1015 1635; x_wconf 90' lang='lat' dir='ltr'>me.</span> <span class='ocrx_word' id='word_1_600' title='bbox 1038 1615 1107 1635; x_wconf 87' lang='lat' dir='ltr'>narn</span> <span class='ocrx_word' id='word_1_601' title='bbox 1130 1604 1319 1635; x_wconf 60' lang='lat' dir='ltr'>{artemam-etv</span> <span class='ocrx_word' id='word_1_602' title='bbox 1341 1606 1370 1635; x_wconf 93' lang='lat' dir='ltr'>in</span> <span class='ocrx_word' id='word_1_603' title='bbox 1400 1605 1504 1636; x_wconf 90' lang='lat' dir='ltr'>activo</span> <span class='ocrx_word' id='word_1_604' title='bbox 1537 1611 1585 1635; x_wconf 85' lang='lat' dir='ltr'>est</span> 
     </span>
     <span class='ocr_line' id='line_1_99' title="bbox 871 1648 1587 1689; baseline 0.003 -12"><span class='ocrx_word' id='word_1_605' title='bbox 871 1648 1026 1686; x_wconf 77' lang='lat' dir='ltr'>imperare,</span> <span class='ocrx_word' id='word_1_606' title='bbox 1040 1649 1192 1679; x_wconf 85' lang='lat' dir='ltr'>mandare.</span> <span class='ocrx_word' id='word_1_607' title='bbox 1222 1650 1284 1678; x_wconf 91' lang='lat' dir='ltr'>Pro</span> <span class='ocrx_word' id='word_1_608' title='bbox 1299 1658 1382 1678; x_wconf 83' lang='lat' dir='ltr'>reum</span> <span class='ocrx_word' id='word_1_609' title='bbox 1398 1658 1498 1689; x_wconf 75' lang='lat' dir='ltr'>agere,</span> <span class='ocrx_word' id='word_1_610' title='bbox 1515 1650 1587 1679; x_wconf 80' lang='lat' dir='ltr'>insi-</span> 
     </span>
     <span class='ocr_line' id='line_1_100' title="bbox 870 1691 1551 1731; baseline 0 -11"><span class='ocrx_word' id='word_1_611' title='bbox 870 1691 985 1721; x_wconf 82' lang='lat' dir='ltr'>mulare</span> <span class='ocrx_word' id='word_1_612' title='bbox 1000 1692 1221 1722; x_wconf 84' lang='lat' dir='ltr'>solummodo·</span> <span class='ocrx_word' id='word_1_613' title='bbox 1214 1703 1244 1721; x_wconf 82' lang='lat' dir='ltr'>in</span> <span class='ocrx_word' id='word_1_614' title='bbox 1260 1692 1362 1721; x_wconf 90' lang='lat' dir='ltr'>medio</span> <span class='ocrx_word' id='word_1_615' title='bbox 1375 1697 1551 1731; x_wconf 81' lang='lat' dir='ltr'>usurpatur.</span> 
     </span>
    </p>

    <p class='ocr_par' dir='ltr' id='par_1_23' title="bbox 866 1733 1587 2119">
     <span class='ocr_line' id='line_1_101' title="bbox 913 1733 1585 1776; baseline -0.001 -12"><span class='ocrx_word' id='word_1_616' title='bbox 913 1734 989 1764; x_wconf 86' lang='lat' dir='ltr'>ibid.</span> <span class='ocrx_word' id='word_1_617' title='bbox 1013 1734 1073 1775; x_wconf 80' lang='grc' dir='ltr'><strong>περι</strong></span> <span class='ocrx_word' id='word_1_618' title='bbox 1098 1746 1150 1768; x_wconf 85' lang='grc' dir='ltr'>της</span> <span class='ocrx_word' id='word_1_619' title='bbox 1172 1742 1208 1765; x_wconf 91' lang='grc' dir='ltr'><strong>Δ.</strong></span> <span class='ocrx_word' id='word_1_620' title='bbox 1231 1733 1408 1776; x_wconf 77' lang='grc' dir='ltr'><strong>ἐπωνυμίας]</strong></span> <span class='ocrx_word' id='word_1_621' title='bbox 1435 1735 1520 1769; x_wconf 74' lang='lat' dir='ltr'>Quod</span> <span class='ocrx_word' id='word_1_622' title='bbox 1545 1735 1585 1764; x_wconf 69' lang='lat' dir='ltr'>acl</span> 
     </span>
     <span class='ocr_line' id='line_1_102' title="bbox 868 1775 1584 1818; baseline 0.003 -12"><span class='ocrx_word' id='word_1_623' title='bbox 868 1775 1071 1808; x_wconf 82' lang='lat' dir='ltr'>Demosthenis</span> <span class='ocrx_word' id='word_1_624' title='bbox 1085 1788 1243 1818; x_wconf 82' lang='lat' dir='ltr'>cognomen</span> <span class='ocrx_word' id='word_1_625' title='bbox 1258 1780 1374 1814; x_wconf 79' lang='lat' dir='ltr'>attinet,</span> <span class='ocrx_word' id='word_1_626' title='bbox 1391 1783 1424 1808; x_wconf 89' lang='lat' dir='ltr'>ut</span> <span class='ocrx_word' id='word_1_627' title='bbox 1442 1779 1584 1808; x_wconf 84' lang='lat' dir='ltr'>Latinum</span> 
     </span>
     <span class='ocr_line' id='line_1_103' title="bbox 868 1820 1588 1862; baseline 0.001 -12"><span class='ocrx_word' id='word_1_628' title='bbox 868 1821 914 1851; x_wconf 84' lang='lat' dir='ltr'>de.</span> <span class='ocrx_word' id='word_1_629' title='bbox 950 1820 997 1850; x_wconf 92' lang='lat' dir='ltr'>De</span> <span class='ocrx_word' id='word_1_630' title='bbox 1025 1820 1224 1851; x_wconf 85' lang='lat' dir='ltr'>Demosthenis</span> <span class='ocrx_word' id='word_1_631' title='bbox 1247 1823 1415 1862; x_wconf 76' lang='lat' dir='ltr'>cognomine</span> <span class='ocrx_word' id='word_1_632' title='bbox 1443 1822 1588 1857; x_wconf 89' lang='lat' dir='ltr'>subaudi,</span> 
     </span>
     <span class='ocr_line' id='line_1_104' title="bbox 866 1860 1586 1904; baseline 0.001 -11"><span class='ocrx_word' id='word_1_633' title='bbox 866 1864 890 1893; x_wconf 84' lang='lat' dir='ltr'>si</span> <span class='ocrx_word' id='word_1_634' title='bbox 906 1864 1063 1894; x_wconf 81' lang='lat' dir='ltr'>dicendum</span> <span class='ocrx_word' id='word_1_635' title='bbox 1081 1860 1169 1893; x_wconf 71' lang='lat' dir='ltr'>mihi</span> <span class='ocrx_word' id='word_1_636' title='bbox 1174 1866 1221 1895; x_wconf 87' lang='lat' dir='ltr'>sit.</span> <span class='ocrx_word' id='word_1_637' title='bbox 1253 1866 1337 1894; x_wconf 89' lang='lat' dir='ltr'>Nota</span> <span class='ocrx_word' id='word_1_638' title='bbox 1357 1870 1405 1894; x_wconf 90' lang='lat' dir='ltr'>est</span> <span class='ocrx_word' id='word_1_639' title='bbox 1425 1865 1485 1895; x_wconf 78' lang='lat' dir='ltr'>ista</span> <span class='ocrx_word' id='word_1_640' title='bbox 1507 1875 1586 1904; x_wconf 83' lang='lat' dir='ltr'>pr-ae</span> 
     </span>
     <span class='ocr_line' id='line_1_105' title="bbox 867 1907 1586 1947; baseline 0.003 -11"><span class='ocrx_word' id='word_1_641' title='bbox 867 1907 1033 1946; x_wconf 84' lang='lat' dir='ltr'>positionis</span> <span class='ocrx_word' id='word_1_642' title='bbox 1059 1907 1230 1947; x_wconf 86' lang='lat' dir='ltr'>usurpatio.</span> <span class='ocrx_word' id='word_1_643' title='bbox 1265 1908 1456 1938; x_wconf 86' lang='lat' dir='ltr'>Subauditur</span> <span class='ocrx_word' id='word_1_644' title='bbox 1477 1909 1499 1938; x_wconf 86' lang='grc' dir='ltr'>εἶ</span> <span class='ocrx_word' id='word_1_645' title='bbox 1522 1907 1586 1940; x_wconf 72' lang='grc' dir='ltr'>Βού-</span> 
     </span>
     <span class='ocr_line' id='line_1_106' title="bbox 867 1949 1585 1991; baseline 0.003 -12"><span class='ocrx_word' id='word_1_646' title='bbox 867 1950 960 1980; x_wconf 60' lang='grc' dir='ltr'><strong>λεσθε</strong></span> <span class='ocrx_word' id='word_1_647' title='bbox 984 1949 1102 1986; x_wconf 77' lang='grc' dir='ltr'>ἀκούειν,</span> <span class='ocrx_word' id='word_1_648' title='bbox 1130 1952 1237 1981; x_wconf 82' lang='lat' dir='ltr'>audire</span> <span class='ocrx_word' id='word_1_649' title='bbox 1260 1954 1284 1981; x_wconf 85' lang='lat' dir='ltr'>si</span> <span class='ocrx_word' id='word_1_650' title='bbox 1306 1952 1408 1981; x_wconf 81' lang='lat' dir='ltr'>vultis.</span> <span class='ocrx_word' id='word_1_651' title='bbox 1429 1952 1467 1981; x_wconf 81' lang='lat' dir='ltr'>V.</span> <span class='ocrx_word' id='word_1_652' title='bbox 1484 1962 1516 1991; x_wconf 90' lang='lat' dir='ltr'>p.</span> <span class='ocrx_word' id='word_1_653' title='bbox 1532 1954 1585 1983; x_wconf 84' lang='lat'>59.</span> 
     </span>
     <span class='ocr_line' id='line_1_107' title="bbox 869 1994 1586 2034; baseline 0.001 -11"><span class='ocrx_word' id='word_1_654' title='bbox 869 2004 898 2023; x_wconf 86' lang='lat' dir='ltr'>v.</span> <span class='ocrx_word' id='word_1_655' title='bbox 918 1996 967 2024; x_wconf 88' lang='grc'><strong>17.</strong></span> <span class='ocrx_word' id='word_1_656' title='bbox 982 2000 1012 2024; x_wconf 91' lang='lat' dir='ltr'>et</span> <span class='ocrx_word' id='word_1_657' title='bbox 1032 2004 1100 2033; x_wconf 86' lang='lat' dir='ltr'>quae</span> <span class='ocrx_word' id='word_1_658' title='bbox 1125 1994 1193 2024; x_wconf 78' lang='lat' dir='ltr'>dixi</span> <span class='ocrx_word' id='word_1_659' title='bbox 1218 1995 1255 2024; x_wconf 90' lang='lat' dir='ltr'>ad</span> <span class='ocrx_word' id='word_1_660' title='bbox 1273 1995 1397 2033; x_wconf 85' lang='lat' dir='ltr'>Polybii</span> <span class='ocrx_word' id='word_1_661' title='bbox 1421 2005 1492 2034; x_wconf 86' lang='lat' dir='ltr'>pag.</span> <span class='ocrx_word' id='word_1_662' title='bbox 1514 1998 1586 2024; x_wconf 87' lang='lat'>170.</span> 
     </span>
     <span class='ocr_line' id='line_1_108' title="bbox 867 2037 1587 2077; baseline 0.001 -11"><span class='ocrx_word' id='word_1_663' title='bbox 867 2037 999 2066; x_wconf 84' lang='lat' dir='ltr'>Rectius</span> <span class='ocrx_word' id='word_1_664' title='bbox 1030 2042 1131 2066; x_wconf 82' lang='lat' dir='ltr'>tamen</span> <span class='ocrx_word' id='word_1_665' title='bbox 1162 2037 1230 2066; x_wconf 86' lang='lat' dir='ltr'>haec</span> <span class='ocrx_word' id='word_1_666' title='bbox 1257 2039 1352 2067; x_wconf 87' lang='lat' dir='ltr'>verba</span> <span class='ocrx_word' id='word_1_667' title='bbox 1383 2048 1439 2077; x_wconf 88' lang='lat' dir='ltr'>pro</span> <span class='ocrx_word' id='word_1_668' title='bbox 1467 2037 1587 2077; x_wconf 87' lang='lat' dir='ltr'>judicio</span> 
     </span>
     <span class='ocr_line' id='line_1_109' title="bbox 866 2080 1227 2119; baseline 0 -10"><span class='ocrx_word' id='word_1_669' title='bbox 866 2080 1030 2119; x_wconf 83' lang='lat' dir='ltr'>marginali</span> <span class='ocrx_word' id='word_1_670' title='bbox 1044 2080 1227 2109; x_wconf 85' lang='lat' dir='ltr'>habeantur.</span> 
     </span>
    </p>

    <p class='ocr_par' dir='ltr' id='par_1_24' title="bbox 866 2121 1588 2595">
     <span class='ocr_line' id='line_1_110' title="bbox 910 2121 1588 2163; baseline 0.001 -11"><span class='ocrx_word' id='word_1_671' title='bbox 910 2133 941 2162; x_wconf 92' lang='lat' dir='ltr'>p.</span> <span class='ocrx_word' id='word_1_672' title='bbox 967 2125 1019 2153; x_wconf 83' lang='grc'><strong>58.</strong></span> <span class='ocrx_word' id='word_1_673' title='bbox 1047 2134 1076 2152; x_wconf 85' lang='lat' dir='ltr'>v.</span> <span class='ocrx_word' id='word_1_674' title='bbox 1099 2126 1130 2153; x_wconf 82' lang='lat'>2.</span> <span class='ocrx_word' id='word_1_675' title='bbox 1157 2125 1237 2153; x_wconf 71' lang='grc' dir='ltr'><strong>κατὰ</strong></span> <span class='ocrx_word' id='word_1_676' title='bbox 1263 2124 1318 2152; x_wconf 74' lang='grc' dir='ltr'>τῶν</span> <span class='ocrx_word' id='word_1_677' title='bbox 1344 2121 1447 2163; x_wconf 75' lang='grc' dir='ltr'><strong>φίλων]</strong></span> <span class='ocrx_word' id='word_1_678' title='bbox 1471 2123 1588 2161; x_wconf 88' lang='lat' dir='ltr'>Pungit</span> 
     </span>
     <span class='ocr_line' id='line_1_111' title="bbox 866 2166 1586 2205; baseline 0.001 -11"><span class='ocrx_word' id='word_1_679' title='bbox 866 2166 1153 2205; x_wconf 67' lang='lat' dir='ltr'>praevaricationem</span> <span class='ocrx_word' id='word_1_680' title='bbox 1170 2166 1403 2202; x_wconf 86' lang='lat' dir='ltr'>Demosthenis,</span> <span class='ocrx_word' id='word_1_681' title='bbox 1422 2167 1513 2196; x_wconf 91' lang='lat' dir='ltr'>modo</span> <span class='ocrx_word' id='word_1_682' title='bbox 1529 2177 1586 2205; x_wconf 86' lang='lat' dir='ltr'>pro</span> 
     </span>
     <span class='ocr_line' id='line_1_112' title="bbox 866 2209 1588 2249; baseline -0.001 -10"><span class='ocrx_word' id='word_1_683' title='bbox 866 2210 1050 2239; x_wconf 88' lang='lat' dir='ltr'>Phormione</span> <span class='ocrx_word' id='word_1_684' title='bbox 1062 2210 1212 2239; x_wconf 86' lang='lat' dir='ltr'>adversus</span> <span class='ocrx_word' id='word_1_685' title='bbox 1220 2210 1444 2249; x_wconf 88' lang='lat' dir='ltr'>Apollodorum</span> <span class='ocrx_word' id='word_1_686' title='bbox 1458 2209 1588 2249; x_wconf 81' lang='lat' dir='ltr'>agentis,</span> 
     </span>
     <span class='ocr_line' id='line_1_113' title="bbox 866 2252 1587 2293; baseline -0.001 -11"><span class='ocrx_word' id='word_1_687' title='bbox 866 2253 959 2283; x_wconf 91' lang='lat' dir='ltr'>modo</span> <span class='ocrx_word' id='word_1_688' title='bbox 982 2264 1039 2293; x_wconf 91' lang='lat' dir='ltr'>pro</span> <span class='ocrx_word' id='word_1_689' title='bbox 1063 2253 1121 2282; x_wconf 86' lang='lat' dir='ltr'>hoc</span> <span class='ocrx_word' id='word_1_690' title='bbox 1142 2253 1293 2282; x_wconf 88' lang='lat' dir='ltr'>adversus</span> <span class='ocrx_word' id='word_1_691' title='bbox 1312 2253 1411 2282; x_wconf 88' lang='lat' dir='ltr'>illum.</span> <span class='ocrx_word' id='word_1_692' title='bbox 1429 2263 1519 2292; x_wconf 87' lang='lat' dir='ltr'>quam</span> <span class='ocrx_word' id='word_1_693' title='bbox 1541 2252 1587 2281; x_wconf 89' lang='lat' dir='ltr'>in-</span> 
     </span>
     <span class='ocr_line' id='line_1_114' title="bbox 867 2296 1586 2337; baseline -0.001 -11"><span class='ocrx_word' id='word_1_694' title='bbox 867 2297 1068 2326; x_wconf 89' lang='lat' dir='ltr'>constantiam</span> <span class='ocrx_word' id='word_1_695' title='bbox 1086 2300 1117 2326; x_wconf 84' lang='lat' dir='ltr'>et</span> <span class='ocrx_word' id='word_1_696' title='bbox 1144 2296 1303 2336; x_wconf 88' lang='lat' dir='ltr'>perfidiam</span> <span class='ocrx_word' id='word_1_697' title='bbox 1327 2307 1414 2337; x_wconf 84' lang='lat' dir='ltr'>paene</span> <span class='ocrx_word' id='word_1_698' title='bbox 1438 2296 1586 2331; x_wconf 85' lang='lat' dir='ltr'>dixerim,</span> 
     </span>
     <span class='ocr_line' id='line_1_115' title="bbox 867 2339 1586 2379; baseline 0 -11"><span class='ocrx_word' id='word_1_699' title='bbox 867 2339 990 2369; x_wconf 85' lang='lat' dir='ltr'>tametsi</span> <span class='ocrx_word' id='word_1_700' title='bbox 1009 2350 1106 2379; x_wconf 86' lang='lat' dir='ltr'>genus</span> <span class='ocrx_word' id='word_1_701' title='bbox 1123 2339 1209 2375; x_wconf 65' lang='lat' dir='ltr'>vitae,</span> <span class='ocrx_word' id='word_1_702' title='bbox 1224 2339 1277 2370; x_wconf 88' lang='lat' dir='ltr'>cui</span> <span class='ocrx_word' id='word_1_703' title='bbox 1298 2340 1453 2370; x_wconf 87' lang='lat' dir='ltr'>serviebat</span> <span class='ocrx_word' id='word_1_704' title='bbox 1469 2341 1586 2369; x_wconf 90' lang='lat' dir='ltr'>Demo-</span> 
     </span>
     <span class='ocr_line' id='line_1_116' title="bbox 869 2383 1586 2423; baseline 0.001 -11"><span class='ocrx_word' id='word_1_705' title='bbox 869 2383 1005 2419; x_wconf 89' lang='lat' dir='ltr'>sthenes,</span> <span class='ocrx_word' id='word_1_706' title='bbox 1022 2393 1107 2423; x_wconf 90' lang='lat' dir='ltr'>paene</span> <span class='ocrx_word' id='word_1_707' title='bbox 1119 2383 1324 2412; x_wconf 87' lang='lat' dir='ltr'>necessariam</span> <span class='ocrx_word' id='word_1_708' title='bbox 1341 2383 1427 2420; x_wconf 85' lang='lat' dir='ltr'>facit,</span> <span class='ocrx_word' id='word_1_709' title='bbox 1442 2393 1586 2422; x_wconf 86' lang='lat' dir='ltr'>aegreqne</span> 
     </span>
     <span class='ocr_line' id='line_1_117' title="bbox 868 2426 1586 2464; baseline -0.003 -8"><span class='ocrx_word' id='word_1_710' title='bbox 868 2427 1047 2462; x_wconf 86' lang='lat' dir='ltr'>cavendam,</span> <span class='ocrx_word' id='word_1_711' title='bbox 1075 2426 1124 2456; x_wconf 86' lang='lat' dir='ltr'>vir</span> <span class='ocrx_word' id='word_1_712' title='bbox 1151 2431 1252 2456; x_wconf 85' lang='lat' dir='ltr'>tamen</span> <span class='ocrx_word' id='word_1_713' title='bbox 1275 2426 1424 2456; x_wconf 88' lang='lat' dir='ltr'>honestus</span> <span class='ocrx_word' id='word_1_714' title='bbox 1448 2431 1480 2455; x_wconf 87' lang='lat' dir='ltr'>et</span> <span class='ocrx_word' id='word_1_715' title='bbox 1505 2426 1586 2464; x_wconf 77' lang='lat' dir='ltr'>aequi</span> 
     </span>
     <span class='ocr_line' id='line_1_118' title="bbox 868 2469 1588 2509; baseline -0.003 -10"><span class='ocrx_word' id='word_1_716' title='bbox 868 2479 1006 2504; x_wconf 87' lang='lat' dir='ltr'>servans,</span> <span class='ocrx_word' id='word_1_717' title='bbox 1028 2469 1225 2509; x_wconf 85' lang='lat' dir='ltr'>eastitatique</span> <span class='ocrx_word' id='word_1_718' title='bbox 1247 2469 1445 2499; x_wconf 66' lang='lat' dir='ltr'>eonscientiae</span> <span class='ocrx_word' id='word_1_719' title='bbox 1467 2473 1499 2498; x_wconf 86' lang='lat' dir='ltr'>et</span> <span class='ocrx_word' id='word_1_720' title='bbox 1515 2469 1588 2498; x_wconf 88' lang='lat' dir='ltr'>reli-</span> 
     </span>
     <span class='ocr_line' id='line_1_119' title="bbox 869 2512 1587 2551; baseline -0.001 -10"><span class='ocrx_word' id='word_1_721' title='bbox 869 2512 970 2551; x_wconf 89' lang='lat' dir='ltr'>gionis</span> <span class='ocrx_word' id='word_1_722' title='bbox 993 2513 1147 2543; x_wconf 83' lang='lat' dir='ltr'>sanctitati</span> <span class='ocrx_word' id='word_1_723' title='bbox 1173 2513 1300 2542; x_wconf 81' lang='lat' dir='ltr'>studens</span> <span class='ocrx_word' id='word_1_724' title='bbox 1323 2512 1404 2542; x_wconf 88' lang='lat' dir='ltr'>hand</span> <span class='ocrx_word' id='word_1_725' title='bbox 1422 2512 1511 2541; x_wconf 80' lang='lat' dir='ltr'>facile</span> <span class='ocrx_word' id='word_1_726' title='bbox 1535 2522 1587 2541; x_wconf 91' lang='lat' dir='ltr'>ne-</span> 
     </span>
     <span class='ocr_line' id='line_1_120' title="bbox 868 2555 1446 2595; baseline 0 -11"><span class='ocrx_word' id='word_1_727' title='bbox 868 2566 926 2595; x_wconf 92' lang='lat' dir='ltr'>que</span> <span class='ocrx_word' id='word_1_728' title='bbox 944 2558 1067 2594; x_wconf 84' lang='lat' dir='ltr'>probet.</span> <span class='ocrx_word' id='word_1_729' title='bbox 1084 2566 1183 2595; x_wconf 88' lang='lat' dir='ltr'>neque</span> <span class='ocrx_word' id='word_1_730' title='bbox 1197 2556 1226 2585; x_wconf 90' lang='lat' dir='ltr'>in</span> <span class='ocrx_word' id='word_1_731' title='bbox 1244 2566 1277 2585; x_wconf 90' lang='lat' dir='ltr'>se</span> <span class='ocrx_word' id='word_1_732' title='bbox 1295 2555 1446 2585; x_wconf 84' lang='lat' dir='ltr'>admittat.</span> 
     </span>
    </p>

    <p class='ocr_par' dir='ltr' id='par_1_25' title="bbox 867 2596 1588 2725">
     <span class='ocr_line' id='line_1_121' title="bbox 911 2596 1587 2639; baseline 0 -12"><span class='ocrx_word' id='word_1_733' title='bbox 911 2597 987 2629; x_wconf 88' lang='lat' dir='ltr'>ibid.</span> <span class='ocrx_word' id='word_1_734' title='bbox 1003 2610 1034 2629; x_wconf 85' lang='lat' dir='ltr'>v.</span> <span class='ocrx_word' id='word_1_735' title='bbox 1052 2597 1292 2639; x_wconf 55' lang='grc' dir='ltr'><strong>ὼπεξιενὲγκας]</strong></span> <span class='ocrx_word' id='word_1_736' title='bbox 1317 2599 1403 2628; x_wconf 85' lang='lat' dir='ltr'>Bene</span> <span class='ocrx_word' id='word_1_737' title='bbox 1419 2598 1521 2627; x_wconf 86' lang='lat' dir='ltr'>habet.</span> <span class='ocrx_word' id='word_1_738' title='bbox 1548 2596 1587 2627; x_wconf 84' lang='lat' dir='ltr'>In</span> 
     </span>
     <span class='ocr_line' id='line_1_122' title="bbox 867 2642 1588 2683; baseline 0 -13"><span class='ocrx_word' id='word_1_739' title='bbox 867 2642 963 2672; x_wconf 85' lang='lat' dir='ltr'>orbem</span> <span class='ocrx_word' id='word_1_740' title='bbox 978 2643 1001 2672; x_wconf 80' lang='lat' dir='ltr'>si</span> <span class='ocrx_word' id='word_1_741' title='bbox 1021 2644 1084 2682; x_wconf 81' lang='lat' dir='ltr'>quis</span> <span class='ocrx_word' id='word_1_742' title='bbox 1099 2643 1305 2683; x_wconf 46' lang='lat' dir='ltr'>circumjerffizt</span> <span class='ocrx_word' id='word_1_743' title='bbox 1322 2642 1510 2681; x_wconf 80' lang='lat' dir='ltr'>ostendatque</span> <span class='ocrx_word' id='word_1_744' title='bbox 1527 2642 1588 2670; x_wconf 84' lang='lat' dir='ltr'>sin-</span> 
     </span>
     <span class='ocr_line' id='line_1_123' title="bbox 867 2685 1297 2725; baseline -0.002 -10"><span class='ocrx_word' id='word_1_745' title='bbox 867 2685 948 2725; x_wconf 79' lang='lat' dir='ltr'>gulis</span> <span class='ocrx_word' id='word_1_746' title='bbox 962 2686 1297 2725; x_wconf 80' lang='lat' dir='ltr'>quibusquejmlicibus.</span> 
     </span>
    </p>

    <p class='ocr_par' dir='ltr' id='par_1_26' title="bbox 869 2726 1588 2973">
     <span class='ocr_line' id='line_1_124' title="bbox 911 2726 1587 2768; baseline -0.003 -10"><span class='ocrx_word' id='word_1_747' title='bbox 911 2727 939 2767; x_wconf 55' lang='grc' dir='ltr'><strong>ᾗ.</strong></span> <span class='ocrx_word' id='word_1_748' title='bbox 954 2729 998 2758; x_wconf 76' lang='grc' dir='ltr'>κή.</span> <span class='ocrx_word' id='word_1_749' title='bbox 1015 2739 1045 2768; x_wconf 90' lang='lat' dir='ltr'>p.</span> <span class='ocrx_word' id='word_1_750' title='bbox 1065 2730 1119 2759; x_wconf 82' lang='lat'>58.</span> <span class='ocrx_word' id='word_1_751' title='bbox 1137 2739 1167 2757; x_wconf 89' lang='lat' dir='ltr'>v.</span> <span class='ocrx_word' id='word_1_752' title='bbox 1184 2731 1214 2759; x_wconf 82' lang='lat'>9.</span> <span class='ocrx_word' id='word_1_753' title='bbox 1233 2727 1408 2768; x_wconf 63' lang='grc' dir='ltr'><strong>διατριβαῖς]</strong></span> <span class='ocrx_word' id='word_1_754' title='bbox 1438 2727 1518 2757; x_wconf 86' lang='lat' dir='ltr'>Nam</span> <span class='ocrx_word' id='word_1_755' title='bbox 1533 2726 1587 2766; x_wconf 89' lang='lat' dir='ltr'>qui</span> 
     </span>
     <span class='ocr_line' id='line_1_125' title="bbox 869 2770 1587 2810; baseline -0.003 -9"><span class='ocrx_word' id='word_1_756' title='bbox 869 2771 1045 2810; x_wconf 86' lang='lat' dir='ltr'>frequentes</span> <span class='ocrx_word' id='word_1_757' title='bbox 1062 2770 1180 2801; x_wconf 82' lang='lat' dir='ltr'>suntin</span> <span class='ocrx_word' id='word_1_758' title='bbox 1197 2771 1414 2810; x_wconf 85' lang='lat' dir='ltr'>congressibus</span> <span class='ocrx_word' id='word_1_759' title='bbox 1432 2770 1587 2800; x_wconf 85' lang='lat' dir='ltr'>hominum</span> 
     </span>
     <span class='ocr_line' id='line_1_126' title="bbox 869 2813 1588 2854; baseline -0.003 -10"><span class='ocrx_word' id='word_1_760' title='bbox 869 2814 1104 2854; x_wconf 88' lang='lat' dir='ltr'>elegantiorum,</span> <span class='ocrx_word' id='word_1_761' title='bbox 1128 2814 1161 2843; x_wconf 89' lang='lat' dir='ltr'>hi</span> <span class='ocrx_word' id='word_1_762' title='bbox 1188 2814 1353 2844; x_wconf 84' lang='lat' dir='ltr'>comtiures</span> <span class='ocrx_word' id='word_1_763' title='bbox 1377 2818 1470 2852; x_wconf 77' lang='lat' dir='ltr'>atque</span> <span class='ocrx_word' id='word_1_764' title='bbox 1497 2813 1588 2843; x_wconf 80' lang='lat' dir='ltr'>urba-</span> 
     </span>
     <span class='ocr_line' id='line_1_127' title="bbox 870 2856 1588 2895; baseline -0.003 -8"><span class='ocrx_word' id='word_1_765' title='bbox 870 2857 972 2887; x_wconf 88' lang='lat' dir='ltr'>niores</span> <span class='ocrx_word' id='word_1_766' title='bbox 989 2859 1079 2887; x_wconf 80' lang='lat' dir='ltr'>etiarn</span> <span class='ocrx_word' id='word_1_767' title='bbox 1098 2858 1259 2891; x_wconf 82' lang='lat' dir='ltr'>habentur,</span> <span class='ocrx_word' id='word_1_768' title='bbox 1275 2862 1366 2895; x_wconf 84' lang='lat' dir='ltr'>atque</span> <span class='ocrx_word' id='word_1_769' title='bbox 1383 2867 1452 2886; x_wconf 87' lang='lat' dir='ltr'>esse</span> <span class='ocrx_word' id='word_1_770' title='bbox 1476 2856 1588 2886; x_wconf 80' lang='lat' dir='ltr'>solent.</span> 
     </span>
     <span class='ocr_line' id='line_1_128' title="bbox 870 2900 1588 2940; baseline -0.001 -10"><span class='ocrx_word' id='word_1_771' title='bbox 870 2901 1033 2936; x_wconf 79' lang='lat' dir='ltr'>Viderunt,</span> <span class='ocrx_word' id='word_1_772' title='bbox 1066 2907 1098 2930; x_wconf 90' lang='lat' dir='ltr'>ut</span> <span class='ocrx_word' id='word_1_773' title='bbox 1127 2900 1221 2929; x_wconf 85' lang='lat' dir='ltr'>hodie</span> <span class='ocrx_word' id='word_1_774' title='bbox 1251 2900 1416 2939; x_wconf 90' lang='lat' dir='ltr'>loquimur,</span> <span class='ocrx_word' id='word_1_775' title='bbox 1441 2900 1588 2940; x_wconf 75' lang='lat' dir='ltr'>grandem</span> 
     </span>
     <span class='ocr_line' id='line_1_129' title="bbox 869 2944 1026 2973; baseline -0.006 0"><span class='ocrx_word' id='word_1_776' title='bbox 869 2944 1026 2973; x_wconf 68' lang='lat' dir='ltr'>nitendum.</span> 
     </span>
    </p>

    <p class='ocr_par' dir='ltr' id='par_1_27' title="bbox 921 2984 1587 3027">
     <span class='ocr_line' id='line_1_130' title="bbox 921 2984 1587 3027; baseline -0.003 -11"><span class='ocrx_word' id='word_1_777' title='bbox 921 2987 997 3016; x_wconf 88' lang='lat' dir='ltr'>ibid.</span> <span class='ocrx_word' id='word_1_778' title='bbox 1022 2997 1052 3016; x_wconf 83' lang='lat' dir='ltr'>v.</span> <span class='ocrx_word' id='word_1_779' title='bbox 1078 2988 1129 3016; x_wconf 67' lang='lat'>1⁶2.</span> <span class='ocrx_word' id='word_1_780' title='bbox 1154 2987 1240 3027; x_wconf 71' lang='grc' dir='ltr'>ἀρχῆν</span> <span class='ocrx_word' id='word_1_781' title='bbox 1268 2984 1443 3026; x_wconf 64' lang='grc' dir='ltr'><strong>παραφές-ων.</strong></span> <span class='ocrx_word' id='word_1_782' title='bbox 1466 2985 1587 3026; x_wconf 53' lang='grc' dir='ltr'>πρῶτον]</span> 
     </span>
    </p>
   </div>
  </div>
 </body>
</html>
