1981 3322
533 183 616 226 DE
647 180 931 226 AESCHINE
963 179 1269 222 ORATORE.
1533 176 1637 218 xxxi

735 338 905 381 SECT.
939 337 1080 381 XIV.

440 438 506 477 De
525 437 742 476 virtutibus
761 437 1005 485 elocutionis,
1027 450 1123 489 qnos
1143 450 1221 475 non
1241 436 1369 475 habet.

224 522 483 572 Πιθανότητα,
501 523 702 571 α’λήἓειαν,
721 530 760 562 et
779 525 820 563 τὸ
840 523 1077 567 πεποιθότως
1097 526 1221 562 εἰπεῖν
1249 522 1388 561 merito
1408 521 1447 559 iu
1470 521 1641 561 maximis

168 586 377 625 virtutibus
398 586 544 625 habent
563 586 751 624 rhetores.
810 587 958 625 Harum
988 592 1116 624 autem
1135 587 1321 623 virtutum
1344 585 1483 634 exigua
1503 583 1587 621 laus
1607 584 1643 622 ei

169 647 288 686 tribui
306 653 450 699 potest.
506 648 595 686 Nec
617 654 747 686 tamen
767 648 842 686 hoe
862 648 900 686 in
923 647 1145 686 universum
1174 646 1352 685 dixerim.
1410 645 1518 684 Infra
1538 646 1642 684 enim

169 711 251 760 ipse
270 722 357 747 eum
378 709 625 761 probabilem
645 723 728 748 esse
748 710 879 748 docui.
941 709 1019 748 Sed
1036 709 1129 747 dum
1149 708 1297 759 ubique
1314 708 1395 747 fere
1416 707 1641 755 artificiose,

168 770 305 809 callide
325 777 366 810 et
381 771 548 810 subdole
567 777 729 823 pugnat,
746 771 839 810 dum
853 785 1011 810 causam
1032 772 1137 809 omni
1156 771 1274 809 modo
1291 770 1481 819 adjuvare
1497 770 1644 818 studet,

167 833 259 871 dum
281 833 482 872 lenitatem
504 840 544 873 et
564 834 902 873 mansuetudinem
919 840 1053 886 aperte
1071 833 1183 872 nimis
1205 846 1285 885 prae
1308 846 1347 871 se
1363 833 1450 880 fert,
1467 833 1541 871 sibi
1561 836 1644 883 ipse

166 894 343 934 diffidere
363 895 533 944 videtur,
551 902 673 935 artem
693 896 842 948 prodit,
863 896 982 935 fidem
1010 896 1190 947 impedit,
1214 895 1506 946 persuasionem
1527 895 1644 934 tollit.

167 956 248 1002 Qui
267 957 368 996 enim
390 957 520 1009 Lysiae
542 959 740 997 orationes
763 959 872 1009 legit,
898 958 1167 997 adversarium
1197 958 1329 996 statim
1355 957 1511 1008 judicat
1539 957 1645 995 mali-

165 1032 284 1069 gnum
301 1025 341 1058 et
360 1019 597 1071 improbum,
613 1020 778 1059 dicentis
799 1020 1041 1072 probitatem
1062 1019 1210 1066 laudat,
1232 1019 1498 1059 innocentiam
1520 1019 1643 1065 dolet,

166 1093 323 1119 causam
339 1094 469 1120 veram
491 1088 617 1133 putat.
674 1084 741 1128 At,
762 1082 830 1133 qui
848 1082 1074 1120 AEschinem
1094 1081 1217 1129 audit,
1236 1081 1424 1120 orationis
1447 1082 1561 1132 copia
1578 1081 1646 1120 ob-

164 1142 300 1190 ruitur,
321 1148 402 1181 arte
433 1157 474 1182 se
503 1143 712 1195 deceptum
740 1144 865 1192 dolet,
886 1144 1088 1182 lenitatem
1114 1144 1240 1191 timet,
1269 1150 1585 1195 argumentorum
1605 1144 1644 1182 vi

161 1203 342 1243 resistere
362 1205 515 1255 nequit,
545 1205 747 1244 veritatem
774 1212 814 1245 et
844 1206 1092 1245 mendacium
1114 1206 1251 1245 eodem
1272 1206 1392 1244 modo
1414 1212 1644 1258 suspectum

162 1264 296 1304 habet.
352 1265 605 1314 Brevitatem‚
644 1280 735 1318 quae
768 1267 985 1317 conjuncta
1024 1281 1114 1306 cum
1152 1268 1435 1320 perspicuitate
1474 1268 1643 1307 orationi

163 1340 343 1379 magnam
362 1329 440 1366 vim
456 1334 496 1367 et
510 1329 741 1368 suavitatem
763 1330 960 1376 conciliat,
979 1330 1156 1368 similiter
1175 1330 1257 1369 fere
1279 1331 1463 1381 neglexit.
1495 1331 1643 1369 Contra

162 1389 347 1441 copiosus
367 1395 407 1429 et
427 1392 581 1442 amplus
601 1397 672 1438 est,
695 1398 737 1430 ut
757 1392 956 1431 interdum
978 1393 1268 1432 Demosthenes
1295 1393 1476 1432 torrentis
1509 1393 1642 1440 modo,

163 1451 214 1492 de
234 1459 365 1492 monte
385 1453 549 1500 ruentis,
572 1468 661 1506 quae
684 1454 719 1492 ei
742 1460 831 1493 sunt
846 1453 1144 1506 impedimento,
1167 1468 1300 1493 secum
1319 1455 1422 1507 rapit
1438 1462 1478 1493 et
1499 1454 1641 1500 evellit,

163 1515 218 1553 ita
238 1515 456 1564 AEschines,
475 1516 572 1555 Nilo
593 1516 740 1564 similis,
760 1517 973 1568 improviso
995 1530 1184 1567 aquarum
1199 1517 1386 1556 confluxu
1407 1518 1564 1564 crescit,
1582 1517 1643 1556 lit-

163 1582 251 1615 tora
265 1578 436 1626 excedit,
457 1579 572 1630 longe
593 1584 713 1631 atque
733 1578 810 1618 late
833 1578 976 1617 sensim
998 1579 1127 1617 omnia
1147 1579 1326 1618 inundat.

676 1733 722 1787 P
751 1735 803 1788 A
833 1735 885 1788 R
915 1736 950 1789 S
1033 1735 1111 1790 ΙΙ.

781 1853 952 1896 SECT.
987 1853 1026 1895 1.

159 1941 450 1996 Argumentum
474 1942 611 1994 partis
642 1942 832 1983 secundoe.
896 1944 962 1982 De
981 1944 1216 1991 inventione,
1248 1943 1412 1992 delectu,
1441 1943 1579 1983 ordine
1606 1947 1643 1981 et

578 2005 754 2058 artificio
776 2006 947 2046 locorum
962 2006 1223 2059 quorundam.

213 2094 386 2133 Alteram
406 2094 509 2133 hanc
529 2100 698 2146 partem,
722 2107 812 2145 quae
831 2097 1098 2147 πραγματικὰς
1119 2094 1283 2133 virtutes
1307 2093 1501 2133 AEscliinis
1522 2094 1646 2144 expli-

159 2161 237 2202 cat,
254 2155 308 2194 ita
327 2155 620 2206 descripsimus.
676 2157 852 2195 Primum
874 2169 1117 2207 exponemus
1139 2157 1188 2195 de
1209 2157 1448 2202 inventione,
1471 2157 1643 2204 delectu,

159 2218 298 2257 ordine
318 2224 358 2256 et
376 2217 555 2256 locorum
576 2218 823 2268 quorundam
843 2218 1024 2264 artificio,
1048 2219 1222 2257 secundo
1240 2219 1289 2256 de
1312 2219 1500 2257 orationis
1523 2220 1643 2270 parti-

160 2281 247 2326 bus,
275 2278 453 2327 exordio,
480 2279 718 2325 narratione,
747 2281 986 2330 argumentis
1008 2286 1048 2319 et
1067 2281 1333 2332 peroratione,
1355 2281 1528 2332 denique
1549 2295 1643 2320 con-

157 2341 348 2381 clusionis
367 2342 457 2380 loco
476 2340 641 2380 formam
662 2341 899 2392 eloquentiae
928 2342 1130 2381 AEschinis
1156 2344 1373 2394 exprimere
1395 2344 1640 2382 conabimur·

157 2403 414 2450 Inventionis,
435 2409 478 2442 ut
498 2403 763 2455 opinor‚'duae
786 2410 875 2442 sunt
894 2405 1066 2451 virtutes,
1088 2405 1205 2456 copia
1235 2412 1275 2443 et
1296 2405 1479 2444 facilitas.
1538 2407 1641 2445 Nam

157 2466 223 2504 ille
252 2465 409 2504 demum
441 2465 662 2504 laudandus
693 2472 766 2514 est,
791 2466 858 2517 qui
889 2467 1034 2518 partim
1064 2466 1115 2504 ad
1144 2480 1261 2506 unam
1293 2481 1375 2505 rem
1408 2466 1640 2506 firmandam

157 2528 281 2566 multa
299 2527 470 2580 reperire
492 2528 635 2578 potuit,
653 2528 794 2579 partim
816 2541 862 2566 ea
881 2528 1148 2580 potissimum,
1172 2543 1260 2581 quae
1283 2543 1371 2568 cum
1395 2543 1512 2568 causa
1533 2536 1640 2569 arcte

157 2589 362 2628 cohaerent
384 2596 423 2628 et
443 2589 667 2629 auditorum
689 2589 833 2641 cuique
861 2590 976 2630 facile
997 2591 1034 2629 in
1057 2597 1227 2630 mentem
1255 2592 1383 2630 venire
1410 2599 1640 2643 potuerunt·

157 2652 245 2690 Jam
266 2651 381 2703 copia
400 2652 635 2692 inventionis
657 2653 711 2692 ita
729 2654 832 2692 valet
852 2654 1072 2701 AEschines,
1093 2660 1136 2693 ut
1155 2668 1233 2693 non
1263 2655 1386 2693 solum
1411 2655 1638 2695 acutissime

159 2714 455 2760 animadvertat,
479 2727 570 2766 quae
591 2715 709 2754 insint
730 2716 769 2754 in
798 2729 839 2754 re
860 2716 909 2754 ad
938 2717 1229 2767 persuasionem
1252 2716 1396 2755 idonea
1420 2723 1461 2755 et
1484 2720 1641 2769 excogi-

159 2775 231 2812 tari
257 2775 410 2826 possint
432 2776 482 2815 ab
509 2783 665 2816 oratore
693 2790 821 2816 rerum
854 2791 927 2816 usu
958 2779 1187 2824 exercitam,
1219 2778 1288 2816 sed
1315 2785 1355 2816 et
1384 2792 1430 2817 ea
1458 2781 1638 2830 reperiat,

160 2848 250 2886 quae
269 2836 434 2877 fortasse
454 2852 569 2879 nemo
589 2839 689 2879 alius
710 2840 881 2892 reperire
910 2846 950 2879 et
976 2840 1109 2880 videre
1134 2841 1322 2892 potuerit.
1383 2841 1471 2879 Vim
1502 2848 1542 2880 et
1571 2855 1638 2882 co-

158 2897 264 2948 piam
291 2897 524 2940 inventionis
553 2902 717 2941 maxime
746 2916 794 2941 eo
824 2903 863 2941 in
884 2903 973 2942 loco
1000 2903 1293 2949 demonstravit,
1316 2903 1382 2941 ubi
1410 2903 1638 2954 imperatori

157 2959 211 2997 illi
233 2958 426 3010 ejusmodi
445 2962 712 3004 defensionem
735 2964 886 3013 tribuit,
908 2979 929 3004 e
947 2978 1026 3016 qua
1042 2965 1117 3005 sibi
1138 2964 1370 3004 uberrimam
1392 2965 1548 3005 dicendi
1569 2979 1635 3005 co-
