1966 3340
327 215 403 257 xlii
827 216 878 258 C.
913 216 959 257 F.
994 214 1285 267 MATTHAEJ

329 321 411 373 alii,
444 322 511 372 qui
536 321 648 360 nobis
680 322 862 361 damnum
892 322 1071 368 afferant,
1101 335 1301 372 poenarum
1333 321 1537 359 atrocitate
1566 327 1603 360 et
1630 321 1788 359 ultionis

328 384 531 421 severitate
561 386 770 422 cavemus?
800 385 861 421 Ab
893 384 966 422 hac
993 383 1270 422 vehementiori
1296 383 1507 420 animorum
1530 383 1790 420 commotione

329 445 539 495 studioque
570 445 781 483 ulciscendi
812 446 858 483 ad
893 445 1196 483 misericordiam
1218 446 1537 495 voluntatemque
1567 458 1607 481 se
1625 443 1791 492 juvandi

328 506 405 544 alio
439 507 477 543 in
512 506 600 544 loco
626 509 681 555 (π.
711 506 968 557 Παραπρεσβ.
998 511 1031 554 83.
1063 508 1131 552 νέ.)
1158 506 1263 544 flexit
1294 513 1333 544 et
1368 507 1540 543 traduxit
1570 505 1790 543 auditorum

328 568 476 605 animos
506 568 544 605 in
567 568 840 618 cogitationem
861 575 900 606 et
931 582 1083 606 sensum
1107 581 1186 606 suae
1216 567 1447 606 calamitatis
1468 572 1508 605 et
1539 566 1790 604 miseriarum.

327 630 550 667 Accusatus
578 630 680 667 enim
701 643 722 667 a
750 629 1028 673 Demosthene,
1060 631 1209 679 potenti
1239 630 1350 667 hoste
1380 636 1418 667 et
1446 628 1630 679 maligno⁷
1659 628 1793 677 reique

327 691 499 741 publicae
520 691 651 736 noxio,
675 691 835 740 subjicit
861 690 1181 739 oculisjudicum
1205 697 1405 742 parentem
1429 690 1535 729 senio
1556 689 1791 735 confectum,

328 752 446 789 morti
468 752 649 797 vicinum,
672 752 739 789 filii
761 753 937 802 periculo
960 758 1204 798 trementem,
1224 753 1364 790 fratres
1392 753 1440 790 de
1469 752 1669 802 republica
1693 752 1792 789 bene

328 814 501 858 meritos,
541 814 839 861 consentientes,
873 814 1142 863 condolentes,
1182 815 1327 853 liberos
1359 821 1473 852 aetate
1505 820 1543 852 et
1572 814 1792 852 calamitate

327 875 448 924 patris
468 875 657 923 infelices,
680 876 921 921 innocentes,
943 889 1071 925 eoque
1094 876 1322 921 miseriores,
1345 889 1426 926 quo
1448 876 1574 913 minus
1600 873 1793 925 magnitu-

327 935 459 974 dinem
486 937 650 987 periculi
681 939 864 981 sentiunt,
897 951 1005 975 suam
1028 950 1117 986 erga
1148 939 1430 988 rempublicam
1467 938 1791 982 benevolentiam,

327 1011 419 1049 erga
439 999 543 1037 cives
565 1000 735 1051 singulos
759 1000 1079 1045 moderationem,
1101 1013 1192 1049 erga
1216 1014 1348 1038 eorum
1377 1000 1520 1038 liberos
1551 1006 1590 1038 et
1623 999 1793 1050 discipli-

327 1073 417 1097 nam
439 1074 569 1099 curam
603 1075 712 1100 suam
743 1062 921 1099 modeste
956 1062 1218 1111 commendat,
1239 1062 1409 1099 animum
1444 1074 1626 1111 magnum
1649 1067 1688 1098 et
1715 1060 1793 1098 for-

329 1126 407 1160 tem
429 1122 681 1170 demonstrat,
704 1136 782 1160 non
804 1129 981 1169 mortem,
1006 1124 1072 1161 sed
1103 1123 1297 1161 infamiam
1320 1123 1453 1161 mortis
1473 1123 1720 1173 deprecatur,
1743 1123 1794 1160 le-

327 1183 441 1234 gibus
475 1191 514 1222 et
541 1185 708 1234 justitiae
736 1184 916 1234 judicum
948 1187 1110 1223 salutem
1140 1192 1180 1223 et
1207 1186 1324 1222 vitam
1361 1185 1585 1229 committit,
1615 1185 1791 1234 nihilque

326 1246 428 1296 petit
452 1246 570 1292 aliud,
605 1260 720 1297 quam
745 1260 792 1284 ne
828 1261 867 1285 se
899 1248 965 1285 irae
1001 1255 1040 1285 et
1072 1247 1240 1285 ludibrio
1270 1247 1428 1292 inimici,
1451 1247 1488 1284 in
1511 1253 1616 1284 tanta
1638 1260 1703 1284 sua
1726 1260 1790 1285 ca—

327 1307 502 1346 lamitate
524 1309 605 1346 laeti
625 1315 664 1346 et
683 1308 858 1356 ridentis,
879 1310 928 1347 ad
949 1309 1184 1360 supplicium
1217 1316 1256 1347 et
1289 1309 1525 1359 implendam
1559 1309 1675 1346 animi
1707 1309 1793 1346 libi—

326 1368 457 1407 dinem
473 1370 633 1409 dedant.
676 1372 774 1416 Jam,
799 1371 893 1421 quid
915 1372 1068 1421 gravius
1088 1371 1310 1420 adjudices
1330 1370 1547 1409 flectendos
1567 1370 1699 1409 dicere
1719 1384 1791 1421 po-

326 1431 429 1470 tuit?
459 1432 638 1470 Aliorum
661 1433 763 1471 enim
783 1433 945 1483 periculi
962 1434 1152 1483 adspectu
1173 1433 1454 1470 imbecillitatis
1471 1446 1551 1470 suae
1567 1433 1795 1471 recordatur

326 1498 366 1531 et
385 1493 596 1532 indolescit
615 1494 767 1532 animus
785 1495 986 1532 humanus.
1044 1496 1124 1532 Sua
1143 1494 1365 1544 fragilitate,
1386 1508 1457 1531 suo
1475 1495 1612 1532 dolore
1632 1489 1679 1532 ad
1697 1495 1792 1532 alios

319 1555 519 1605 juvandos
535 1556 756 1606 impellitur.
819 1556 860 1593 Si
881 1569 970 1592 vero
993 1556 1217 1600 senectutis,
1238 1555 1392 1601 mortis,
1421 1556 1644 1597 liberorum,
1665 1556 1795 1593 amici-

323 1617 403 1662 tiae‚
426 1616 680 1661 fortunarum,
705 1617 872 1654 hostium
893 1618 1137 1661 admonetur,
1158 1617 1352 1666 tuncjam
1379 1629 1456 1654 non
1477 1617 1526 1654 de
1546 1618 1673 1654 alieno
1694 1617 1795 1667 peri-

316 1679 413 1732 ·culo
434 1680 623 1718 sollicitus
644 1693 729 1718 esse
750 1680 861 1727 solet,
883 1679 949 1717 sed
973 1679 1022 1717 de
1041 1680 1163 1717 salute
1186 1692 1253 1716 sua
1276 1686 1315 1716 et
1336 1679 1631 1729 tranquillitate,
1663 1681 1793 1730 opitu—

321 1741 455 1787 lando,
485 1742 713 1786 resistendo,
745 1741 873 1778 omnia
903 1741 1090 1778 tentando
1112 1746 1271 1791 pugnat.
1330 1741 1435 1777 Bene
1458 1753 1549 1789 ergo
1573 1741 1792 1786 AEschines,

322 1815 412 1853 quae
445 1803 506 1841 via
538 1809 671 1854 pateat
698 1803 747 1841 ad
782 1802 1025 1840 inferendum
1059 1803 1195 1840 animis
1222 1802 1446 1840 auditorum
1475 1802 1661 1848 dolorem,
1684 1802 1792 1850 iram,

323 1865 507 1904 invidiam
523 1871 562 1903 et
577 1864 884 1903 misericordiam
905 1864 1109 1902 intellexit.
1140 1904 1142 1908 ,

862 2004 892 2045 S
918 2003 954 2044 E
977 2003 1088 2045 CT.
1136 2002 1248 2046 VII.

880 2097 944 2135 De
958 2098 1223 2148 peroratione.

381 2185 471 2224 Non
487 2184 667 2237 profecto
685 2184 902 2223 mirandum
919 2184 1032 2230 foret,
1050 2185 1079 2222 si
1103 2184 1331 2223 AEschinem
1348 2185 1386 2222 in
1409 2184 1484 2223 fine
1501 2183 1718 2223 orationum
1736 2184 1791 2222 vis

324 2247 389 2285 illa
418 2247 551 2285 divina
581 2246 724 2298 ingenii
749 2245 948 2292 deficeret,
978 2253 1044 2284 aut
1073 2248 1156 2297 ipse
1186 2247 1224 2284 in
1254 2249 1358 2284 exitu
1383 2247 1440 2284 sui
1462 2246 1657 2284 dissimilis
1676 2252 1793 2284 esset.

325 2310 429 2348 Nam
449 2316 488 2348 et
507 2322 704 2348 cursorem
725 2315 841 2347 metae
862 2309 1128 2360 propinquum
1150 2309 1307 2360 spiritus
1328 2309 1507 2359 viresque
1527 2308 1730 2353 deficiunt,
1750 2314 1793 2356 ¹et

323 2372 529 2409 audaciam
560 2371 690 2409 militis
720 2371 780 2409 vel
799 2371 998 2409 fortissimi
1028 2372 1150 2409 hostis
1178 2371 1392 2422 pertinacia
1418 2377 1457 2409 et
1483 2371 1665 2409 atrocitas
1686 2383 1792 2408 com·

323 2447 486 2484 pescere
515 2440 554 2471 et
585 2433 761 2484 frangere
782 2433 895 2471 solet.
954 2434 1008 2470 At
1029 2433 1090 2470 hic
1112 2439 1243 2477 orator
1263 2446 1335 2470 nec
1357 2432 1517 2482 praemio
1538 2445 1611 2470 nec
1632 2433 1792 2470 victoria

324 2495 511 2545 cuiquam
541 2496 661 2542 cedit,
691 2495 758 2533 sed
787 2495 919 2533 hostes
943 2494 1025 2544 jam
1047 2495 1275 2546 profligatos
1294 2500 1334 2532 et
1352 2507 1509 2532 aversos
1529 2494 1792 2544 persequitur,

323 2558 496 2608 vestigiis
526 2557 701 2603 inhaeret,
721 2557 806 2594 telis
837 2556 1004 2595 residuis
1032 2563 1160 2608 urget,
1185 2562 1223 2594 et
1243 2556 1418 2606 undique
1440 2570 1480 2593 se
1504 2562 1626 2594 tutum
1650 2556 1791 2593 reddit.

325 2619 371 2657 In
393 2620 459 2657 illa
479 2619 596 2670 igitur
625 2618 800 2656 oratione
829 2618 867 2656 in
896 2618 1162 2662 Timarchum,
1192 2617 1506 2655 commemoratis
1535 2617 1698 2667 legibu3‚
1728 2616 1794 2654 de-

323 2688 536 2720 monstrata
566 2682 620 2719 rei
650 2680 916 2731 improbitate,
947 2686 1197 2730 patronorum
1220 2679 1453 2717 auctoritate
1476 2679 1642 2724 sublata,
1663 2678 1792 2716 crimi-

326 2756 416 2780 num
455 2743 760 2794 magnitudinem
798 2748 927 2793 auget,
958 2742 1171 2780 Timarcho
1200 2742 1332 2787 instat,
1360 2741 1520 2790 judices
1550 2741 1722 2779 concitat
1753 2748 1794 2779 et

324 2810 459 2850 terret,
490 2805 587 2842 male
617 2805 810 2842 factorum
840 2804 1120 2854 turpitudinem
1153 2817 1285 2841 eorum
1305 2803 1443 2841 animis
1464 2802 1603 2853 infigit,
1623 2802 1792 2840 breviter

325 2879 475 2911 eorum,
507 2879 596 2915 quae
627 2866 792 2911 dixerat,
812 2866 1034 2903 memoriam
1062 2871 1233 2911 renovat,
1269 2877 1390 2914 seque
1422 2877 1558 2902 eorum
1591 2865 1792 2902 sententiae

323 2928 460 2966 adesse
483 2927 663 2977 judicem
692 2928 959 2977 incorruptum
989 2934 1029 2965 et
1059 2940 1233 2965 severum
1254 2926 1448 2964 liberrime
1470 2925 1688 2976 profitetur.
1746 2926 1790 2962 In

323 2989 500 3028 oratione
529 2988 577 3026 de
608 2988 702 3027 salsa
721 2989 929 3040 legatione,
951 2989 988 3026 in
1010 3002 1083 3039 qua
1106 2988 1155 3027 de
1176 2988 1310 3034 salute,
1334 2987 1435 3026 fama
1457 2995 1495 3026 et
1516 2987 1682 3025 fortunis
1712 2999 1792 3025 om-
