1916 3340
350 183 458 232 352

347 285 474 316 aliarum
491 284 559 316 aliis
575 286 715 326 invrebus
728 286 988 322 versantium,lex
1003 296 1063 316 unu

347 333 423 364 erat,
436 329 568 369 ideoque
577 329 658 370 νόμος
669 331 765 366 audit,
779 330 851 370 quia
862 335 962 359 tamen
981 330 1062 368 ejus-

345 372 428 402 modi
440 373 489 402 lex
507 373 609 403 multis
622 375 780 404 constabat
790 373 1063 413 propositionibus,

347 419 378 444 et
391 416 476 445 velut
493 416 640 454 articulis,
656 418 772 457 aliquid
787 416 976 455 jubentibus,
994 416 1062 446 aliis

346 458 429 488 aliud
445 461 632 498 vetantibus,
649 472 777 501 quorum
795 460 915 498 singula
930 470 1061 499 quaeque

345 507 498 532 momenta
521 514 576 543 pro
600 505 667 544 lege
693 504 839 544 peculiari
862 503 966 532 haberi
989 513 1061 542 pos-

345 550 426 581 sent,
450 546 519 577 ideo
542 548 648 577 eadem
676 548 726 577 lex
753 546 828 586 νόμοι
856 547 1060 586 appellantur.

345 589 498 630 Exemplo
520 601 582 619 rem
600 592 689 629 juvat
704 591 861 620 declarare
877 600 894 618 e
916 590 1060 629 proximo

344 632 455 670 petito.
478 633 601 663 Titulus
617 634 737 672 quidam
756 633 936 663 universalis
953 633 1060 663 eratin

340 675 411 713 jure
424 676 530 706 Attico
544 676 670 716 περὶτῶν
682 675 801 711 εὐθυνῶν,
811 681 874 713 aut,
886 676 967 716 quod
978 676 1058 707 idem

344 721 402 752 est,
419 719 489 759 ἰπερῖ
514 721 568 749 τῶν
595 719 764 750 ὑπευθύνων.
801 720 865 750 Ηίο
889 720 997 749 titulus
1013 724 1061 750 est

345 760 400 797 lex,
425 762 514 802 νόμος.
547 763 610 791 Sed
633 768 719 793 erant
742 773 847 793 rursus
871 763 948 803 legis
970 764 1060 802 hujus

343 804 447 833 multae
467 805 637 844 particulae,
655 817 708 836 seu
723 806 878 836 cautiones
894 807 1059 846 particula-

343 856 404 883 res,
421 859 548 886 quarum
564 849 694 888 singulae
710 861 838 889 quaeque
852 851 968 889 pariter
983 850 1059 889 νόμοι

343 895 441 925 erant,
458 895 491 921 ut
507 893 556 922 τὴν
573 890 666 921 οὐσίαν
680 895 723 933 μὴ
738 893 891 933 καθιεροῦν,
906 893 979 923 item
992 894 1059 924 ἂναὶ-

342 930 424 971 θημα,
439 936 482 973 μὴ
499 934 669 972 ἀνατιθέναι,
684 937 756 966 item
773 936 914 967 ἐκποίητον
928 938 970 977 μὴ
984 937 1057 975 γενέ-

343 974 423 1011 σθαι,
433 987 540 1008 rursus
552 978 611 1009 alia
620 981 662 1019 μὴ
676 979 843 1020 ἀποδημεῖν,
855 985 884 1010 et
897 981 941 1010 sic
954 991 1055 1020 porro.

384 1019 461 1050 ibid.
495 1032 526 1051 v.
556 1031 626 1060 pen.
655 1023 857 1064 ἀποδημήσω]
896 1024 1058 1055 Assentior

340 1062 475 1102 Tayloro
493 1065 663 1104 suspicanti
682 1071 754 1105 post
768 1066 946 1106 ἀποδημήσω
961 1069 1057 1107 parti-

341 1106 440 1136 culam
454 1106 634 1138 infitiantem
650 1110 830 1139 desiderari.
862 1111 977 1140 Verum
995 1121 1056 1140 non

340 1149 430 1179 deest
442 1150 501 1187 οὐκ,
517 1152 570 1180 sed
585 1152 613 1181 οὐ
629 1152 711 1192 (sine
727 1150 855 1192 Kappa)
870 1154 991 1183 tametsi
1004 1164 1058 1183 vo-

341 1191 415 1221 calis
430 1193 618 1232 insequatur.
645 1196 676 1224 lls
693 1195 774 1225 enim
791 1205 856 1225 mos
873 1200 921 1225 est
936 1196 1056 1226 Attico-

341 1245 409 1265 rum
425 1236 454 1265 in
473 1237 625 1267 similibus
642 1238 730 1268 iocis.

383 1278 460 1308 ibid.
478 1290 508 1309 v.
526 1280 581 1310 ult.
598 1280 728 1322 πράξεις]
748 1280 864 1321 Πράξεις
879 1281 1053 1322 προλαμβά-

339 1331 388 1351 νειν
411 1322 467 1351 hoc
491 1323 655 1362 significat,
678 1324 801 1363 negotia
825 1325 921 1354 ordiri
950 1326 1055 1361 ardua,

339 1369 508 1402 sumtuosa,
525 1366 711 1396 discriminis
731 1369 768 1398 ad
785 1368 955 1407 famamque
978 1369 1057 1398 salu-

338 1411 462 1447 temque
481 1410 634 1448 publicam
659 1411 760 1449 plena,
785 1411 956 1450 iisdemque
982 1422 1056 1441 non-

339 1451 411 1481 dum
430 1452 468 1481 ad
486 1453 573 1482 tinem
589 1453 747 1491 perductis
764 1454 840 1483 urbe
856 1455 1019 1484 excedere.

381 1504 412 1532 p.
435 1497 507 1524 176.
525 1506 555 1525 ν.
572 1495 627 1525 ult.
644 1493 680 1525 οἷν
695 1496 786 1538 ἔχεις]
811 1497 849 1526 Id
867 1503 924 1533 est,
937 1497 1054 1534 τούτων,

338 1535 357 1565 ἃ
373 1535 449 1578 ἔχεις
464 1540 543 1579 παρὰ
560 1541 609 1572 τῆς
632 1539 739 1573 πόλεώς
754 1552 798 1569 σοι
820 1540 951 1580 δεδομένα
967 1541 1057 1570 diffe-

336 1585 408 1609 runt
423 1580 502 1611 inter
524 1593 557 1611 se
573 1581 727 1612 ἐπιδιδόναι
745 1588 777 1613 et
800 1583 1002 1613 κατατιθέναι.
1020 1584 1057 1613 il-

336 1623 390 1653 lud
416 1629 475 1660 est,
492 1625 531 1654 de
548 1636 603 1655 suo
620 1625 737 1664 largiri,
754 1631 788 1656 ut
804 1627 915 1656 donum
934 1627 1056 1667 ”gratui-

337 1671 413 1696 tum.
432 1668 502 1703 hoc,
521 1669 559 1698 de
574 1670 709 1708 acceptis
726 1679 765 1699 ex
783 1670 884 1700 alieno
902 1671 1055 1700 insumere

339 1720 380 1739 ex
405 1711 515 1741 officio.
555 1712 666 1742 Potest
688 1711 765 1753 ἔχεις
788 1713 878 1743 etiam
896 1724 932 1743 co
950 1724 1055 1749 seusu,

338 1763 400 1791 quo
416 1764 521 1793 supra,
537 1755 648 1794 accipi.
666 1767 734 1794 quae
752 1757 844 1785 habes
860 1767 955 1795 penes
969 1762 1009 1793 te,
1025 1762 1056 1787 et

336 1797 452 1826 retines
468 1802 579 1836 praeter
595 1800 647 1837 jus
665 1803 695 1828 et
711 1799 767 1835 fas,
783 1799 990 1830 fraudulenter
1010 1800 1056 1829 in-

338 1843 489 1870 terversa.
530 1841 665 1871 Perinde
679 1842 772 1881 igitur
788 1848 847 1878 est,
865 1854 982 1873 comma
1000 1854 1056 1882 po-

338 1892 393 1912 nas
406 1894 486 1922 pone
502 1883 579 1925 ’έχεις
593 1888 624 1914 et
647 1895 727 1924 pone
751 1884 906 1925 οἰκοδομίαν
921 1887 1056 1923 omittas,

339 1936 375 1955 an
389 1936 454 1956 eam
469 1937 574 1957 serves
586 1927 830 1965 distinctionem,
847 1939 905 1969 qua
918 1929 967 1959 hic
980 1940 1054 1960 usus

339 1979 416 1999 sum.

381 2012 408 2051 ᾗ.
431 2010 449 2041 ί.
474 2023 506 2052 p.
533 2014 606 2043 177.
629 2025 658 2044 v.
678 2017 727 2044 16.
755 2013 803 2045 ἐπὶ
829 2016 884 2044 τῶν
903 2014 1054 2056 θεωρικῶν]

338 2054 417 2085 Post
444 2055 581 2097 θεωρικῶν
600 2057 709 2087 deesse
736 2057 858 2088 videtur
883 2057 926 2088 ἵνα
952 2058 1054 2093 εἰδῆτε,

338 2102 391 2128 aut
420 2098 499 2128 illud
534 2110 653 2129 assume
682 2101 942 2140 supplementum,
972 2103 1055 2141 quod

337 2142 460 2171 schedae
486 2142 636 2172 Bernardi
663 2144 736 2174 dant
751 2155 757 2173 2
788 2154 968 2184 quamquam
991 2145 1054 2174 illae

338 2185 461 2214 schedae
480 2186 586 2215 nescio
615 2197 651 2216 an
676 2198 823 2226 nusquam
848 2188 986 2218 locorum
1010 2188 1054 2217 le-

338 2227 456 2257 ctiones
480 2229 555 2258 daut
580 2240 596 2259 e
620 2229 708 2260 libris
732 2231 821 2260 bonae
836 2234 917 2260 notae
932 2231 1054 2268 ductas,

339 2272 393 2301 sed
409 2274 615 2311 conjecturas,
625 2273 691 2303 sive
705 2273 868 2312 Scaligeri,
881 2273 949 2303 sive
963 2274 1053 2310 alius,

339 2314 482 2354 quisquis
499 2315 551 2345 ille
569 2316 627 2345 fuit
644 2317 693 2346 vir
709 2317 833 2347 doctus.
848 2327 940 2356 quare
956 2317 1052 2347 nolim

338 2358 400 2388 illis
417 2358 541 2388 nimium
558 2358 620 2388 fidi.

380 2401 407 2440 ᾗ.
424 2402 462 2431 ιά.
479 2412 512 2441 p.
530 2403 602 2432 178.
621 2413 649 2432 v.
665 2407 804 2443 antepen.
823 2401 932 2443 νεωρίων
946 2402 1048 2444 ἀρχὴν]

337 2444 479 2474 Dictioni
494 2445 544 2475 τὴν
559 2447 614 2474 τῶν
628 2444 735 2486 νεωρίων
751 2447 839 2487 ἀρχὴν
859 2445 955 2487 ἄρχειν
972 2446 1048 2485 quid

335 2486 412 2518 insit
435 2487 503 2518 vitii
527 2488 607 2519 haud
631 2489 773 2528 equidem
799 2489 948 2528 intelligo.
975 2491 1049 2531 ἀρχῆ

336 2532 392 2561 τῶν
415 2529 522 2571 νεωςίων
542 2535 655 2571 potest,
676 2533 708 2561 ni
730 2532 830 2568 fallor,
850 2533 947 2561 honor
967 2543 1049 2569 esse,

337 2585 427 2613 quem
451 2575 503 2614 qui
527 2579 647 2614 gerunt,
663 2575 694 2604 hi
716 2576 877 2605 navalibus
901 2580 1047 2614 praesnnt.

337 2617 461 2654 Quodsi
477 2622 577 2647 tamen
593 2618 715 2648 omnino
732 2622 847 2649 statuas
864 2618 981 2657 aliquid
997 2620 1047 2649 hic

335 2660 398 2691 loci
411 2661 522 2690 mutari
537 2662 662 2697 debere,
676 2662 826 2692 suaserim
841 2662 961 2703 ἀςχεῖον.
992 2663 1048 2692 AE-

336 2704 501 2734 dificarunt
522 2705 632 2745 ἀξχεῖον
656 2704 712 2735 τῶν
733 2705 849 2746 νεωρίων,
871 2705 1048 2735 senaculum

336 2747 496 2777 navalibus
513 2748 682 2787 proprium,
695 2748 726 2778 in
743 2759 802 2788 quo
816 2753 972 2778 senatores
984 2759 1047 2778 rem

335 2790 474 2820 navalem
491 2795 613 2820 tuentes
629 2792 839 2828 convenirent,
855 2802 987 2830 suasque
998 2803 1048 2822 res

337 2839 475 2872 agerent,
491 2839 522 2864 et
536 2834 677 2864 horreum
693 2835 967 2865 armamentarium.

383 2875 408 2914 ᾗ.
433 2875 478 2907 ιζ’.
494 2887 526 2916 p.
550 2879 621 2907 180.
638 2889 667 2908 v.
693 2882 721 2908 1.
742 2877 881 2918 ἑκάστης]
906 2878 987 2907 Dedi
1007 2877 1047 2907 de

339 2929 406 2948 meo
425 2918 546 2960 ἑκάστῃ,
564 2920 616 2959 qui
633 2921 756 2952 dativus
771 2927 860 2961 aptus
877 2925 924 2951 est
947 2931 963 2951 e
980 2931 1047 2951 ver-

337 2963 377 2991 bo
392 2960 539 3001 ἒπέταξεν,
555 2964 746 3004 praescripsit
763 2965 810 2995 vel
833 2964 967 3005 injunxit
981 2963 1047 2994 uni-

338 3005 449 3044 cuique
466 3005 571 3043 tribui,
585 3011 619 3037 ut
638 3018 655 3037 e
672 3008 736 3039 suis
752 3008 919 3039 tribulibus
931 3008 1048 3048 delige-

788 195 1019 238 REISKII
1051 195 1384 239 ANNOTATA

1098 291 1145 316 ret
1165 290 1322 316 curatores
1348 295 1484 327 operum.
1499 285 1532 328 ἐξ
1545 297 1562 318 a
1576 286 1694 320 Wolfio
1710 288 1807 320 intru-

1098 340 1163 360 sum
1180 340 1285 360 rursus
1298 330 1511 361 exterminavi.

1139 373 1214 403 ibid.
1237 384 1266 403 v.
1291 376 1321 404 Ξ).
1346 372 1402 403 {wi
1421 375 1461 404 τὰ
1476 370 1576 415 τείχη]
1600 374 1704 406 Verba
1727 375 1806 413 haec,

1096 426 1163 456 quae
1177 416 1327 446 scholium
1344 420 1426 454 sunt,
1441 417 1526 446 uncis
1538 416 1662 448 inclusi.

1139 459 1165 499 §.
1194 459 1241 498 ιγ’.
1269 471 1301 499 p.
1335 462 1406 490 180.
1436 471 1467 490 v.
1493 460 1547 490 ult.
1578 459 1805 502 ἀντιδιαπλέκει]

1095 502 1203 533 Servo.
1243 503 1392 534 Oratores
1417 503 1567 542 ejusmodi
1590 503 1619 533 in
1644 504 1723 534 locis
1738 505 1806 534 nul-

1094 545 1154 576 lam
1175 552 1299 576 servant
1315 547 1527 582 constantiam,
1543 547 1598 577 sed
1623 557 1641 576 a
1659 548 1806 587 praesenti

1094 593 1233 629 tempore
1257 591 1295 620 ad
1312 590 1458 627 futurum,
1475 596 1506 620 et
1527 595 1645 626 eontra,
1661 591 1806 620 delabun-

1096 637 1155 662 tur.
1178 634 1297 663 Locum
1313 634 1393 663 hunc
1409 634 1489 663 idem
1511 644 1578 663 cum
1594 633 1744 672 superiori
1759 633 1807 663 di-

1095 686 1164 706 cere
1181 676 1356 716 suspicatur
1365 677 1491 716 Taylor,
1504 682 1536 706 et
1550 687 1617 706 esse
1629 686 1806 706 monumen-

1094 723 1158 749 tum
1170 719 1329 750 liturarum
1341 720 1487 756 auctoris,
1501 720 1581 750 idem
1594 724 1805 758 argumentum

1095 763 1225 793 diversis
1241 764 1340 794 modis
1361 763 1532 794 tractantis.
1569 763 1648 800 Quae
1666 764 1804 803 suspicio

1095 816 1170 836 vana
1186 807 1309 837 videtur
1324 818 1403 837 esse.
1426 807 1554 837 Refutat
1563 806 1726 837 AEschines
1741 807 1807 838 De-

1093 850 1262 880 mosthenis
1290 851 1530 886 excusationem,
1555 850 1695 890 negantis
1718 851 1805 891 ἀρχὴν

1093 903 1146 922 seu
1162 893 1308 924 honorem
1325 894 1469 933 gessisse,
1486 893 1628 932 pluribus
1644 903 1806 932 argumen-

1092 936 1146 972 tis,
1170 937 1229 967 hoc
1251 937 1363 977 primo,
1387 937 1491 968 verbis
1513 937 1615 976 legum
1642 941 1728 975 puta,
1752 947 1805 967 eas

1092 980 1186 1021 ἀρχὰς
1213 980 1445 1020 appellantium,
1473 990 1549 1020 quas
1577 980 1805 1010 Demosthenes

1093 1024 1286 1053 solummodo
1298 1022 1464 1064 ἐπιμελείας
1484 1024 1606 1058 habeat,
1623 1033 1678 1052 seu
1694 1033 1806 1060 procu-

1091 1066 1238 1103 rationes,
1259 1067 1356 1096 altero
1380 1068 1451 1102 hoc,
1469 1067 1552 1105 quod
1568 1066 1654 1105 leges
1667 1066 1806 1104 jubeant,

1091 1110 1144 1146 qui
1165 1114 1283 1146 partem
1299 1110 1377 1148 reip.
1393 1119 1603 1148 quamcunque
1620 1109 1806 1148 attigissent,

1092 1161 1145 1180 eos
1170 1151 1445 1181 administrationis
1472 1161 1534 1181 suae
1563 1152 1710 1182 rationem
1734 1154 1805 1182 red-

1090 1194 1175 1224 dere.
1213 1196 1260 1224 Tu
1280 1199 1381 1225 autem
1406 1195 1538 1225 honores
1562 1194 1688 1234 gessisti
1715 1206 1805 1234 quam

1089 1237 1252 1276 plurimos,
1281 1248 1358 1277 quos
1381 1239 1481 1267 adhuc
1506 1238 1626 1279 gerenti
1650 1237 1708 1268 tibi
1734 1239 1807 1269 Cte-

1090 1279 1180 1319 sipho
1206 1291 1350 1310 coronam
1378 1281 1503 1311 decerni
1525 1281 1633 1312 voluit.
1676 1282 1808 1313 Teneris

1091 1334 1165 1362 ergo
1188 1324 1267 1364 lege.
1305 1324 1366 1354 Sed
1387 1324 1489 1364 pergit
1506 1325 1732 1354 Demosthenes
1755 1337 1808 1356 ne-

1091 1376 1177 1405 gare,
1190 1372 1252 1397 tum
1270 1367 1363 1409 ἄρχων
1379 1367 1487 1403 fuisse,
1500 1368 1551 1407 qui
1567 1367 1679 1397 fuisset
1692 1379 1708 1397 a
1721 1369 1804 1399 tribu

1091 1419 1147 1438 sua
1163 1414 1251 1440 extra
1267 1412 1407 1440 ordinem
1423 1411 1572 1440 delectus.
1614 1411 1714 1447 Quam
1732 1423 1805 1442 cau-

1091 1452 1238 1482 sationem
1252 1453 1414 1484 AEschines
1425 1454 1495 1490 hoc,
1507 1454 1538 1484 in
1548 1463 1607 1492 quo
1620 1453 1806 1492 insistimus,

1089 1495 1159 1524 loco
1176 1497 1300 1535 stringit
1319 1497 1379 1527 hoc
1403 1501 1591 1537 argumentO.
1608 1496 1661 1528 ναί·
1677 1497 1747 1527 ἀλλ’
1761 1500 1808 1529 ἆν-

1089 1538 1280 1570 τιδιαπλέκει.

1132 1592 1164 1621 p.
1180 1585 1252 1613 182.
1267 1594 1296 1613 v.
1311 1585 1341 1612 8.
1356 1582 1388 1613 ἔκ
1399 1584 1450 1618 τ’ἥς
1461 1582 1632 1625 διοικήσεως]
1657 1584 1701 1613 Ut
1713 1585 1805 1623 paulo

1090 1629 1158 1656 ante
1175 1624 1206 1655 ἐκ
1227 1628 1278 1659 τῆς
1293 1625 1401 1661 πόλεως
1423 1637 1454 1667 p.
1474 1629 1545 1657 177.
1562 1637 1591 1657 v.
1609 1629 1639 1656 2.
1656 1637 1746 1666 quam
1763 1628 1806 1657 le-

1090 1668 1223 1699 ctionem
1239 1670 1334 1700 Wolf
1355 1671 1400 1700 ibi
1422 1675 1597 1710 suspectam
1619 1669 1689 1701 vitii
1713 1671 1806 1701 habe-

1089 1712 1145 1741 bat
1160 1712 1326 1743 immerito.

1132 1755 1209 1785 ibid.
1222 1756 1261 1791 εῖς
1274 1756 1389 1797 ταῦτα]
1416 1757 1454 1786 Id
1471 1761 1520 1786 est.
1533 1755 1570 1790 εἷς
1583 1755 1737 1797 οἶκοδομίοιν
1752 1758 1807 1788 τῶν

1089 1801 1205 1839 τειχῶν.
1223 1799 1255 1829 id
1272 1800 1355 1839 quod
1372 1800 1448 1829 latet
1463 1799 1494 1829 in
1509 1810 1576 1829 voc.
1593 1800 1771 1840 τειχοποιός.

1132 1842 1208 1871 ibid.
1224 1853 1252 1872 v.
1273 1845 1321 1874 13.
1339 1841 1494 1883 ἐξελέγξω]
1519 1843 1650 1872 Videtur
1666 1842 1806 1882 ἐξελέγξω

1089 1885 1169 1914 bene
1185 1885 1308 1915 habere.
1324 1886 1461 1924 pendent
1477 1887 1542 1915 liaeo
1558 1897 1575 1915 e
1594 1887 1696 1916 verbis
1714 1897 1807 1917 versu

1077 1930 1142 1958 ¹11.
1163 1928 1367 1968 ἀναμνήσθητε
1389 1929 1454 1963 τοὺς
1473 1928 1677 1969 προειρημένους
1699 1928 1808 1967 λόγους,

1089 1970 1132 2000 ὅτι
1146 1989 1189 1994 —-
1204 1970 1353 2011 ἐξελέγξω.
1386 1971 1462 2001 Ideo
1479 1973 1633 2008 revocavi,
1649 1978 1806 2011 expuncto

1089 2014 1245 2044 Wolfiano
1259 2013 1408 2054 ἐξήλεγξα,
1421 2015 1503 2053 quod
1518 2015 1609 2045 etiam
1625 2015 1739 2055 Taylor
1749 2027 1805 2054 pro

1090 2067 1174 2086 more
1191 2068 1246 2087 suo
1256 2057 1287 2086 in
1304 2058 1439 2087 editione
1456 2068 1510 2088 sua
1527 2058 1681 2094 exhibuit,
1696 2059 1805 2088 lectio-

1090 2111 1145 2130 nes
1174 2111 1278 2130 omnes
1300 2111 1423 2140 pravas,
1439 2111 1458 2130 a
1475 2101 1590 2131 Wolfio
1613 2102 1806 2141 excogitatas

1089 2148 1120 2173 et
1143 2143 1173 2172 in
1197 2147 1316 2174 textum
1340 2144 1488 2183 ingestas,
1504 2155 1598 2184 porro
1617 2155 1804 2184 propagans,

1089 2187 1171 2225 quod
1197 2187 1289 2216 toties
1316 2197 1438 2226 queror,
1454 2189 1624 2226 meritoque
1639 2188 1669 2217 in
1695 2189 1805 2228 praeci-

1089 2229 1159 2269 puis
1174 2229 1320 2260 editionis
1331 2230 1510 2270 Tayloranae
1524 2230 1647 2261 labibus
1665 2242 1803 2261 numero.

1131 2272 1157 2312 ᾧ.
1175 2271 1220 2303 ιδ’.
1240 2284 1271 2312 p.
1287 2275 1362 2304 183.
1378 2285 1408 2304 v.
1427 2276 1457 2305 9.
1478 2272 1503 2303 ἐν
1514 2274 1556 2313 τῷ
1571 2273 1651 2314 δήμῳ
1665 2273 1723 2314 -—]
1747 2275 1806 2304 Ni-

1087 2315 1130 2345 hil
1152 2316 1202 2346 hic
1232 2316 1358 2347 videtur
1384 2317 1568 2354 redundare,
1592 2318 1675 2356 quod
1703 2317 1803 2348 visum

1086 2359 1145 2389 fuit
1160 2359 1304 2398 Tayloro.
1322 2359 1348 2390 ἐν
1362 2359 1411 2404 τῷ,
1428 2359 1508 2400 δήμῳ
1532 2358 1557 2389 ἐν
1577 2360 1616 2401 τῇ
1639 2360 1729 2391 πνυκὶ
1744 2366 1804 2397 est,

1086 2412 1156 2432 cum
1181 2403 1345 2433 universus
1367 2403 1499 2442 populus
1522 2404 1552 2434 iu
1573 2405 1674 2441 Pnyce
1689 2414 1804 2434 conve-

1083 2445 1138 2481 nit,
1155 2450 1186 2475 et
1201 2446 1326 2485 quidem
1341 2446 1380 2488 τῇ·
1393 2444 1531 2486 ἐκκλησία
1542 2446 1700 2477 concionis
1717 2457 1804 2486 ergo,

1083 2489 1112 2518 h.
1128 2499 1156 2519 e.
1171 2489 1361 2519 deliberandi
1377 2489 1415 2519 de
1432 2489 1525 2519 rebus
1541 2489 1579 2519 ad
1595 2494 1706 2519 statum
1723 2491 1803 2530 reip.

1082 2532 1320 2571 pertinentibus.
1357 2532 1413 2562 Vel
1431 2536 1530 2571 potest
1552 2532 1591 2573 τῇ
1609 2530 1748 2573 ἐκκλησίᾳ
1764 2534 1804 2563 si-

1083 2576 1228 2614 gnificare
1250 2576 1291 2606 ad
1317 2576 1491 2613 concionem,
1506 2576 1537 2605 h.
1553 2586 1580 2605 e.
1596 2576 1635 2605 ad
1651 2576 1801 2615 populum

1081 2628 1289 2658 congressum.

1125 2662 1151 2702 ᾗ.
1167 2660 1215 2694 ιε’.
1238 2673 1270 2701 p.
1287 2663 1360 2693 184.
1378 2671 1408 2691 v.
1424 2663 1476 2691 22.
1498 2660 1541 2700 τῷ
1555 2660 1695 2702 δημοσίῳ]
1717 2662 1801 2699 Novi

1082 2705 1221 2735 AEschini
1236 2703 1269 2734 τὸ
1284 2703 1414 2744 δημόσιον
1428 2704 1510 2734 idem
1531 2715 1612 2741 esse,
1634 2710 1726 2744 atque
1742 2707 1802 2736 La-

1082 2748 1155 2777 tinis
1179 2753 1226 2778 est
1246 2757 1319 2786 resp.
1334 2758 1365 2777 v.
1382 2757 1413 2786 p.
1434 2750 1504 2779 193.
1525 2759 1555 2777 v.
1572 2750 1602 2778 4.
1635 2748 1800 2779 Verumta-

1080 2802 1149 2821 men
1163 2802 1169 2820 :
1193 2791 1265 2830 quia
1280 2790 1378 2821 dictio
1394 2792 1425 2820 in
1442 2800 1502 2830 rep.
1521 2790 1571 2820 hic
1586 2791 1648 2821 loci
1666 2798 1717 2821 aut
1733 2791 1802 2821 nul-

1079 2834 1139 2863 lam
1156 2834 1230 2870 vim,
1253 2838 1304 2864 aut
1320 2833 1463 2873 exiguam
1487 2834 1599 2864 habere
1620 2834 1753 2868 videtur,
1770 2839 1802 2864 et

1080 2877 1220 2917 plerique
1244 2876 1368 2907 codices
1387 2877 1417 2906 in
1437 2876 1480 2916 τῷ
1496 2877 1576 2916 δήμῳ
1595 2877 1800 2914 consentiunt,

1081 2931 1177 2960 eaque
1202 2921 1296 2951 lectio
1316 2919 1425 2950 melius
1440 2921 1594 2956 convenit,
1611 2920 1801 2960 significans,

1080 2965 1113 2994 z'n
1127 2964 1246 2994 solemni
1260 2965 1389 2994 universi
1400 2963 1507 3004 populi
1520 2965 1665 2999 concione,
1681 2962 1800 3004 praetuli

1082 3018 1160 3038 eam.
1203 3007 1392 3039 Confirmant
1413 3006 1619 3046 insequentia,
1646 3004 1797 3038 ἐκκλησίαν
