1916 3340
352 206 435 247 404
670 203 992 245 PRAEFATIO
1025 203 1108 245 AD
1141 202 1485 244 VARIANTES

355 311 688 349 Montfauconium
715 311 890 360 aliosque
913 310 1056 348 similes
1076 309 1285 360 scriptores
1316 308 1525 354 silentium,
1552 319 1676 358 pauca
1696 320 1803 358 quae-

352 374 456 420 dam,
476 379 695 411 exterorum
715 374 752 411 in
774 373 950 424 gratiam,
972 385 993 409 e
1013 372 1135 410 literis
1158 370 1410 410 Wernsdorfii
1430 370 1478 409 V.
1500 370 1545 408 C.
1567 368 1802 407 Professoris

352 434 690 481 Helmstadiensis‚
711 435 835 473 affinis
855 434 927 472 mei
948 433 1149 480 carissimi,
1171 433 1219 471 ad
1249 447 1308 471 me
1336 433 1436 471 (latis
1463 432 1617 470 referre.
1672 431 1803 468 Verba

351 497 473 548 ipsius
495 496 628 543 reddo,
651 497 757 546 quod
781 510 876 547 pace
899 496 1019 546 ipsius
1039 495 1119 542 fiat,
1136 509 1156 533 e
1176 495 1393 533 vernaculis
1413 507 1435 532 a
1454 507 1512 532 me
1532 493 1668 548 Latina
1688 493 1804 530 facta.

353 560 552 596 Primaevae
573 559 671 596 illius
687 559 925 604 Graecitatis,
940 558 1007 604 ait,
1030 563 1172 608 praeter
1186 557 1422 603 AEschinem,
1437 562 1475 593 et
1497 554 1717 593 Aristotelis
1738 567 1805 592 ne-

353 621 432 659 scio
454 620 563 671 quid,
584 634 702 671 penes
729 633 798 656 nos
826 621 920 655 nihil
949 620 1158 657 admodum
1177 626 1251 656 est.
1306 619 1381 656 Sed
1408 624 1468 656 est
1490 618 1719 655 Graecorum
1744 629 1809 666 pa-

352 687 452 720 trum
481 682 792 731 scriptorumque
812 679 1163 717 ecclesiasticorum
1185 678 1299 729 copia
1316 692 1394 716 non
1415 678 1718 716 contemnenda:
1751 678 1810 714 Io-

352 744 461 781 annis
488 741 756 792 Chrysostomi
776 740 814 778 in
834 741 1069 779 Matthaeum
1087 740 1326 778 homiliarum
1346 741 1460 779 nobis
1486 745 1546 778 est
1571 740 1696 778 codex
1715 739 1811 777 anti-

353 805 573 855 quissimus,
595 803 716 841 literis
744 803 959 854 quadratis,
989 803 1131 841 saeculo
1160 807 1315 850 octavo,
1341 809 1381 841 et
1411 801 1540 840 nescio
1565 814 1616 840 an
1642 801 1808 851 septimo

353 867 464 911 adeo,
486 873 679 904 exaratus.
736 866 807 902 Est
826 865 924 903 alius
945 864 1078 902 similis
1101 864 1298 915 Origenis.
1356 865 1580 902 Latinorum
1606 869 1808 901 auctorum

354 934 460 965 tanto
482 927 606 977 major
626 926 739 964 nobis
758 932 816 965 est
836 940 1032 973 numerus,
1054 925 1155 964 unde
1178 925 1376 964 nominare
1392 925 1509 975 juvat
1529 925 1691 971 Livium,
1713 925 1809 962 Pro-

353 988 534 1038 pertium,
569 988 752 1034 Statium,
782 988 979 1033 Plautum,
1010 987 1251 1033 Terentium,
1284 987 1474 1025 Senecam
1499 986 1705 1036 tragicum,
1732 985 1816 1022 Vir-

352 1051 496 1102 gilium,
523 1050 635 1100 cujus
666 1050 777 1089 binas
810 1057 987 1089 tenemus
1015 1050 1258 1088 membranas
1286 1049 1377 1087 satis
1398 1055 1582 1088 vetustas.
1637 1048 1812 1086 Numero

354 1119 539 1163 superant
559 1113 768 1163 scriptores
795 1113 869 1150 aevi
896 1112 1025 1159 medii,
1055 1111 1200 1162 quibus
1232 1111 1466 1150 creberrime
1488 1110 1610 1149 utitur
1635 1109 1815 1160 Polycar-

354 1187 426 1224 pus
448 1175 640 1225 Leysems
663 1174 699 1212 in
722 1175 881 1213 historia
902 1181 1103 1225 poetarum
1123 1173 1241 1212 medii
1262 1174 1349 1212 aevi.
1407 1174 1505 1212 Sunt
1525 1172 1706 1219 missalia,
1729 1172 1813 1209 bre-

355 1235 487 1281 viaria,
511 1237 583 1274 alia
603 1236 735 1274 similis
750 1237 901 1276 farinae.
961 1237 1117 1275 Scorias
1136 1236 1204 1274 has
1231 1235 1421 1275 barbariei
1447 1236 1478 1274 si
1505 1235 1592 1286 quis
1619 1236 1681 1282 sit,
1701 1247 1815 1286 quem

357 1310 432 1334 non
453 1298 584 1348 pigeat
604 1300 780 1345 scrutari,
801 1312 860 1337 nae
883 1298 946 1336 ille
967 1298 1088 1336 micas
1108 1297 1191 1336 auri
1218 1298 1320 1336 haud
1342 1311 1486 1349 paucas
1506 1297 1557 1336 sit
1576 1298 1815 1335 inventurus.

360 1359 506 1397 Peculii
526 1360 647 1397 nostri
680 1373 770 1410 pars
800 1373 876 1397 non
897 1360 1052 1398 modica
1082 1360 1265 1398 Matthiae
1295 1360 1415 1398 Flacii
1445 1359 1589 1410 Illyrici
1622 1358 1821 1409 quondam

355 1419 443 1466 suit,
468 1420 580 1469 cujus
609 1434 784 1471 magnam
815 1427 964 1472 partem
994 1421 1162 1459 librariae
1192 1421 1445 1472 supellectilis
1475 1421 1568 1458 Dux
1597 1420 1818 1458 Fridericus

358 1481 512 1519 Ulricus
532 1482 690 1528 dicitur,
709 1496 798 1521 cum
821 1482 1060 1531 redemisset,
1081 1483 1119 1521 in
1141 1483 1419 1522 bibliothecam
1440 1490 1612 1521 nostram
1629 1481 1817 1520 intulisse.

356 1545 389 1581 E
406 1546 653 1584 Monasteriis
676 1545 926 1584 finitimorum
941 1547 1047 1585 circa
1067 1553 1261 1586 tractuum
1277 1546 1469 1598 permulta
1481 1546 1574 1584 item
1587 1546 1662 1583 huc
1677 1544 1819 1582 collata

357 1614 457 1645 sunt.
516 1608 784 1658 Rheginonem
806 1608 1071 1656 Pruniensem,
1092 1622 1113 1646 e
1134 1609 1273 1647 codice
1292 1609 1605 1652 membranaceo,
1626 1619 1730 1644 nunc
1750 1618 1819 1642 uo-

357 1675 451 1713 stro,
470 1669 587 1706 Flacii
603 1669 769 1719 pridem,
789 1670 1082 1707 Hildebrandus
1100 1669 1251 1720 primus
1266 1670 1405 1707 edidit.
1448 1670 1647 1707 Hactenus
1661 1668 1819 1706 Werus-

358 1731 518 1770 dorfius.
576 1733 764 1771 Codicem
793 1732 1161 1779 Helmstadiensem,
1182 1732 1295 1781 cujus
1323 1731 1373 1770 de
1403 1744 1519 1770 usura
1544 1744 1729 1769 concessa
1749 1730 1819 1768 im-

358 1807 477 1844 pense
499 1794 591 1831 mihi
620 1794 883 1844 congratulor,
908 1794 990 1844 ipse
1017 1808 1090 1845 ego
1120 1794 1270 1832 contuli
1297 1806 1387 1832 cum
1412 1793 1603 1844 Stephani
1629 1793 1821 1844 exemplo,

357 1862 501 1906 praeter
518 1856 717 1906 epistolas,
742 1869 838 1906 quas
860 1868 935 1892 una
955 1869 1046 1894 cum
1073 1855 1233 1906 reliquis
1255 1855 1454 1903 Isocratis,
1473 1855 1763 1893 Socraticorum
1783 1860 1822 1893 et

359 1917 538 1967 Dionysii
561 1917 775 1967 opusculis,
791 1917 1047 1954 conferendas
1064 1917 1113 1955 ad
1134 1917 1304 1966 vulgaria
1324 1916 1504 1968 exempla
1522 1916 1631 1954 uxori
1650 1916 1822 1966 permisi.

362 1977 483 2014 Dolet
499 1991 577 2014 non
599 1977 714 2015 citius
734 1977 843 2014 illum
863 1978 1039 2015 codicem
1061 1978 1100 2015 in
1122 1990 1255 2015 manus
1274 1991 1379 2016 meas
1397 1978 1594 2016 incidisse.
1650 1976 1768 2021 Quod
1791 1977 1822 2015 si

359 2039 552 2076 evenisset
577 2039 779 2084 maturius,
809 2039 911 2076 haud
943 2052 1087 2089 paucas
1115 2040 1277 2077 mendas
1300 2053 1348 2078 ex
1368 2039 1563 2086 AEschine,
1596 2039 1701 2076 illius
1733 2037 1823 2076 libri

359 2100 554 2138 beneficio
574 2101 770 2146 emisseni,
795 2101 900 2151 quod
930 2100 1057 2138 editor
1087 2101 1278 2139 AEschinis
1301 2101 1480 2152 quisquis
1504 2100 1578 2139 erit
1605 2099 1821 2138 secundum

362 2176 422 2200 me
442 2162 666 2208 exstiturus,
684 2162 814 2200 facere
831 2162 1060 2200 meminerit.
1092 2163 1193 2200 Item
1212 2163 1288 2201 hoc
1307 2163 1484 2211 alterum,
1502 2161 1625 2213 quod,
1640 2168 1684 2200 ut
1697 2162 1823 2212 probe

361 2225 532 2262 viderem
553 2237 722 2262 mearum
737 2238 823 2262 esse
844 2222 1025 2274 partium,
1040 2224 1226 2275 factuque
1241 2224 1416 2275 inprimis
1436 2223 1710 2271 necessarium,
1726 2236 1824 2275 prae-

361 2293 461 2324 stare
487 2293 615 2324 tamen
644 2299 714 2337 per
742 2287 980 2336 negotiorum
1007 2286 1291 2325 multitudinem
1327 2287 1476 2338 otiique
1502 2286 1697 2337 angustias
1719 2286 1822 2326 haud

361 2348 570 2398 potuerim,
589 2348 679 2395 hoc,
701 2354 745 2386 ut
766 2349 874 2386 locos
895 2349 1088 2386 AEschinis
1109 2362 1131 2386 a
1150 2349 1312 2387 vetustis
1339 2349 1602 2400 grammaticis
1628 2348 1823 2396 laudatos,

360 2424 381 2448 e
418 2410 528 2447 libris
561 2423 693 2448 eorum
729 2411 1015 2462 conquirerem,
1049 2417 1089 2449 et
1122 2424 1212 2449 cum
1242 2411 1399 2461 vulgata
1431 2411 1638 2449 lectionem
1669 2410 1823 2448 illorum

362 2473 700 2523 grammaticorum
729 2473 961 2511 conferrem.
1019 2473 1139 2518 Quod
1168 2480 1210 2511 ut
1235 2473 1393 2519 faciant,
1421 2473 1489 2524 qui
1517 2472 1730 2511 secundum
1761 2485 1822 2510 me

364 2536 584 2573 AEschinem
606 2535 738 2581 edent,
759 2534 894 2572 sedulo
913 2548 980 2572 eos
1006 2535 1142 2574 hortor
1159 2542 1278 2586 atque
1299 2548 1409 2586 rogo,
1428 2534 1520 2573 satis
1540 2547 1642 2572 nunc
1663 2533 1823 2579 habens,

364 2599 514 2635 omissae
535 2611 557 2634 a
577 2611 636 2635 me
658 2597 776 2647 partis
798 2597 1097 2647 pernecessariae
1117 2597 1267 2636 veniam
1294 2597 1344 2635 ab
1370 2596 1556 2647 aequitate
1575 2596 1764 2634 lectorum
1786 2600 1824 2633 et

364 2673 519 2710 sperare
539 2667 578 2699 et
597 2666 743 2711 petere.
801 2660 919 2704 Quod
939 2661 1043 2699 enim
1070 2660 1249 2711 agerem?
1291 2661 1370 2698 Tot
1397 2659 1514 2698 rebus
1534 2658 1692 2710 agendis
1712 2670 1824 2709 paene

365 2722 500 2761 eodem
522 2730 700 2773 tempore
732 2723 916 2769 intentus,
945 2723 1181 2761 adornandis
1203 2722 1384 2760 Aristidis
1411 2727 1450 2760 et
1472 2720 1628 2759 Libanii
1648 2718 1826 2758 editioni-

366 2783 453 2830 bus,
474 2798 574 2834 quos
592 2785 726 2823 ambos
752 2786 876 2822 multo
896 2785 990 2823 dare
1018 2797 1192 2836 possum,
1209 2796 1329 2834 quam
1349 2783 1463 2833 vulgo
1482 2780 1823 2826 circumferuntur,

366 2845 661 2891 emendatiores,
707 2846 911 2884 Libanium
956 2846 1071 2884 etiam
1108 2851 1148 2884 et
1184 2850 1327 2884 sartum
1372 2845 1547 2894 (lacunas
1583 2843 1671 2894 plus
1706 2853 1823 2892 quam

366 2903 501 2943 decem
529 2906 702 2957 ingentes
730 2907 1054 2958 Morellianaeque
1073 2913 1113 2945 et
1134 2906 1465 2957 Bongiovanninae
1493 2904 1675 2943 editionis
1696 2902 1823 2953 exple—

364 2970 422 3002 tas
455 2980 475 3003 e
504 2968 639 3005 codice
675 2968 993 3018 praestantissimo
1013 2970 1241 3020 Augustauo
1275 2968 1415 3016 habeo)
1445 2973 1485 3006 et
1503 2965 1819 3017 locupletatum:
