1916 3340
339 231 423 272 402
658 226 978 270 PRAEFATIO
1012 226 1096 267 AD
1130 223 1471 267 VARIANTES

339 338 389 376 ad
417 336 533 376 finem
558 337 614 375 ὅτι
646 336 819 384 ἠδυνήθη.
877 338 976 374 Ante
999 341 1096 373 orat.
1125 335 1162 373 in
1194 332 1455 373 Timarchum'
1470 331 1549 370 vita
1579 329 1784 376 AEschinis‚

340 401 454 451 cujus
481 399 563 438 init.
589 400 779 451 Αἰσχίνης
805 398 848 444 ἦν
874 400 982 448 α’νήρ.
1039 399 1129 435 Scil.
1152 405 1209 435 est
1237 397 1385 435 Libanii
1411 400 1678 446 argumentum
1701 404 1786 431 ora-

340 463 456 501 tionis
478 462 683 500 Demosth.
702 479 742 498 π.
758 477 922 512 wopan-p.
964 460 1074 498 Prior
1091 473 1179 511 pars
1196 466 1348 498 constat
1369 459 1503 497 decem
1524 453 1784 507 quaternioni-

340 527 424 573 bus,
441 526 630 577 posterior
645 538 798 569 novem,
818 524 944 574 quide
963 523 1112 573 integro
1132 530 1394 561 numerantur,
1425 523 1577 560 Caetera
1594 516 1786 557 recentior

337 589 545 640 potiorque
566 602 653 639 pars
676 589 813 626 eodem
839 586 982 624 saeculo
1003 592 1158 625 exarata
1178 586 1361 635 videtur]
1407 585 1604 623 Hactenus
1627 580 1784 632 Taylor.

339 651 411 688 His
438 651 476 688 in
496 650 697 688 codicibus
723 648 880 699 Taylori
907 653 1065 698 praestat
1083 649 1244 686 veritate
1267 647 1497 686 Lectionum
1523 644 1785 690 LockeranuS,

338 713 403 751 sed
427 713 456 750 is
480 712 582 750 haud
599 712 761 762 integer,
787 710 963 748 desinens
984 710 1087 748 circa
1110 709 1224 748 finem
1242 709 1424 748 orationis
1445 708 1579 760 primae
1606 707 1643 744 in
1666 705 1785 744 verbo

337 777 493 828 φυγόντι
515 786 603 824 pag.
623 776 689 819 71,
712 776 776 810 10.
808 772 1051 823 Harleyanus
1079 771 1170 810 item
1193 772 1364 823 egregius
1385 777 1457 818 est,
1484 770 1549 808 sed
1569 769 1656 807 huic
1677 767 1787 805 deest

336 838 459 876 oratio
479 838 614 887 prima.
672 834 898 872 Bernardini
918 848 1034 885 penes
1057 848 1114 873 me
1136 834 1296 885 quidem
1317 848 1456 885 magna
1477 847 1552 871 non
1572 838 1631 871 est
1650 837 1786 870 aucto-

336 900 441 945 ritas,
472 911 547 936 non
573 897 738 935 maxima
773 897 981 936 Meadiani.
1039 898 1196 936 Oblitus
1228 911 1313 936 sum
1341 899 1458 949 paulo
1484 903 1572 935 ante
1606 894 1786 934 codicum

336 960 594 999 Parisinorum
612 959 843 997 mentionem
860 959 1002 1006 facere,
1021 960 1245 999 Coisliniani
1267 961 1394 1005 unius,
1411 965 1449 997 et
1470 964 1638 1009 quatuor
1650 955 1789 1006 Regio-

336 1036 433 1069 rum,
454 1035 620 1072 quorum
642 1021 847 1060 Lectiones
869 1035 945 1059 non
965 1021 1142 1060 videntur
1171 1021 1461 1073 diligentissime
1491 1033 1574 1058 esse
1602 1024 1787 1063 enotatae,

335 1083 510 1135 quisquis
529 1082 715 1121 enotavit.
771 1083 952 1121 Pervenit
973 1083 1021 1122 ad
1043 1097 1103 1121 me
1123 1084 1161 1121 in
1183 1083 1335 1121 schedis
1359 1082 1586 1135 Tayloranis
1607 1081 1786 1118 volumen

335 1159 492 1198 quoque
509 1146 760 1197 epistolarum
782 1145 995 1191 AEschinis,
1014 1152 1130 1196 prout
1150 1160 1172 1184 a
1190 1146 1361 1198 Tayloro
1383 1151 1471 1184 sunt
1491 1145 1622 1190 editae,
1642 1143 1787 1182 chartis

334 1209 426 1247 item
438 1208 677 1254 distinctum,
687 1207 828 1257 quibus
846 1208 991 1246 chartis
1004 1208 1352 1259 Taylorinscripsit
1362 1208 1580 1246 Varietates
1591 1204 1787 1245 Lectionis

335 1284 355 1307 e
375 1269 528 1308 duobus
544 1268 748 1307 codicibus
769 1275 959 1315 enotatas,
980 1283 1077 1320 quos
1099 1270 1254 1308 codices
1274 1270 1348 1322 ipsi
1367 1270 1517 1321 placuit
1535 1269 1656 1307 literis
1677 1269 1726 1305 A.
1747 1273 1787 1305 et

338 1334 380 1370 B.
402 1332 619 1382 designare,
642 1331 748 1368 nulla
768 1330 901 1368 addita
919 1337 1023 1378 nota,
1040 1331 1191 1381 cujates
1212 1332 1265 1370 illi
1285 1332 1443 1371 codices
1465 1337 1605 1369 essent.
1666 1328 1784 1374 Quod

334 1394 496 1445 proinde
517 1407 575 1430 me
598 1406 755 1442 quoque
778 1406 934 1431 necesse
955 1400 1011 1431 est
1032 1394 1068 1431 in
1088 1395 1237 1432 incerto
1259 1394 1493 1444 relinquere.
1551 1392 1717 1430 Videtur
1737 1393 1786 1429 A.

335 1455 586 1493 Askewianus
617 1467 715 1499 esse,
741 1467 817 1491 non
845 1467 958 1492 manu
985 1455 1166 1506 scriptuS,
1185 1455 1254 1494 sed
1285 1455 1427 1493 Aldina
1454 1454 1556 1493 notis
1582 1453 1652 1492 viri
1678 1452 1788 1491 docti

333 1529 548 1568 perspersa.

386 1579 461 1616 Hic
482 1584 540 1616 est
556 1585 764 1628 apparatus
781 1579 934 1618 criticus
947 1581 995 1619 ad
1013 1581 1236 1619 AEschinem
1256 1594 1277 1618 a
1289 1581 1461 1632 Tayloro
1480 1579 1652 1625 relictus,
1669 1591 1787 1629 quem

333 1646 457 1679 totum
479 1639 650 1677 fideliter
671 1640 746 1678 hoc
768 1640 805 1678 in
830 1642 961 1680 libello
982 1642 1209 1681 variantium
1229 1642 1405 1688 reddidi;
1439 1642 1528 1680 satis
1547 1641 1609 1679 ille
1629 1639 1786 1692 quidem

332 1715 494 1752 magnus
514 1708 551 1740 et
574 1701 706 1752 gratiis
726 1702 878 1753 dignus.
927 1704 1009 1754 Ego
1033 1705 1212 1756 equidem
1237 1705 1329 1742 mihi
1348 1704 1658 1755 congratulabar,
1680 1701 1786 1752 quod

330 1765 465 1803 liceret
485 1770 610 1802 tantas
631 1777 725 1815 opes
745 1765 937 1816 proferre,
956 1767 995 1804 in
1011 1767 1134 1817 iisque
1152 1767 1290 1805 lubens
1305 1765 1600 1817 acquievissem.
1642 1765 1786 1802 Verum

331 1827 499 1865 secunda
519 1826 675 1864 fortuna
697 1835 840 1877 praeter
860 1841 966 1879 spem
984 1835 1101 1879 atque
1121 1829 1451 1880 exspectationem
1471 1841 1592 1866 meam
1613 1826 1787 1865 auctiora

330 1889 444 1926 etiam
463 1894 502 1926 et
524 1887 680 1925 meliora
701 1889 857 1927 obtulit.
899 1890 985 1927 Jam
1007 1897 1279 1940 processerant
1299 1902 1428 1940 operae
1449 1896 1591 1927 nostrae
1613 1889 1650 1926 in
1672 1901 1788 1926 excu-

331 1949 461 1986 dendo
482 1948 666 1986 AEschine
687 1961 817 1987 versus
837 1948 951 1987 finem
969 1951 1155 1989 orationis
1171 1951 1220 1989 de
1236 1951 1441 2001 legatione,
1455 1951 1538 2000 jam
1558 1949 1785 1999 indigestam

329 2012 431 2050 illam
453 2017 492 2049 et
511 2011 738 2062 permixtam
760 2012 959 2050 materiam
986 2013 1161 2051 criticam
1186 2027 1207 2051 a
1226 2014 1395 2064 Tayloro
1417 2013 1590 2051 relictam
1610 2012 1659 2049 ad
1680 2011 1787 2048 locos

330 2087 419 2111 suos
448 2073 686 2124 redegeram,
715 2074 881 2112 lectione
913 2088 1069 2125 quaque
1096 2076 1145 2114 ad
1177 2076 1356 2126 paginam
1377 2081 1417 2113 et
1436 2087 1586 2113 versum
1606 2073 1787 2112 editionis

328 2137 559 2188 Tayloranae
587 2138 720 2182 relata,
747 2150 834 2175 cum
865 2144 1023 2188 repente
1049 2139 1121 2176 Vir
1151 2139 1188 2176 in
1222 2139 1343 2177 literis
1371 2136 1672 2188 elegantioribus
1690 2141 1728 2173 et
1749 2136 1786 2173 in

329 2199 436 2249 poesi
454 2199 658 2237 vernacula
672 2199 841 2237 lauream
859 2201 995 2238 merito
1008 2214 1077 2238 suo
1091 2200 1256 2251 adeptus
1272 2200 1539 2246 immortalem,
1554 2196 1786 2247 Lessingius,

330 2263 453 2301 Ducis
475 2262 778 2300 Brunswicensis
804 2263 1051 2301 nobilissimae
1075 2263 1339 2310 bibliothecae,
1359 2275 1445 2313 quae
1467 2262 1785 2300 Wolfenbiittelae

327 2330 557 2369 asservatur,
580 2323 806 2374 praefectUS‚
828 2324 891 2362 die
911 2329 975 2363 24.
998 2324 1230 2363 Decembris
1249 2326 1298 2363 A.
1320 2328 1437 2365 1770.
1459 2323 1507 2362 ad
1533 2337 1593 2361 me
1617 2323 1788 2361 mitteret

328 2399 399 2424 nec
427 2386 663 2436 opinantem,
687 2386 856 2424 omnium
881 2387 1073 2425 AEschinis
1103 2387 1298 2432 codicum,
1329 2399 1494 2437 quorum
1514 2399 1586 2436 ego
1608 2385 1786 2436 equidem

326 2447 505 2484 arbitrari
527 2446 697 2484 valorem
715 2460 785 2484 usu
801 2447 1018 2496 didicerim,
1035 2449 1115 2487 sine
1132 2450 1395 2488 controversia
1413 2449 1785 2501 praestantissimum,

325 2516 363 2547 et
395 2510 524 2548 nescio
552 2521 601 2546 an
631 2510 816 2556 omnium,
850 2518 1047 2562 quotquot
1075 2525 1239 2563 usquam
1270 2520 1453 2551 terrarum
1484 2518 1635 2551 exstant
1656 2511 1786 2557 hodie,

324 2571 620 2618 nobilissimum,
654 2584 730 2608 non
771 2572 1081 2622 antiquissimum
1120 2575 1275 2625 quidem
1310 2574 1430 2622 illum,
1464 2580 1504 2612 at
1536 2573 1784 2611 multitudine

323 2633 535 2670 lectionum
552 2633 801 2683 probatarum
822 2641 859 2670 et
880 2633 1129 2684 ingenuarum
1146 2635 1306 2686 reliquis
1323 2636 1585 2674 antistantem.
1614 2629 1785 2672 Tametsi

323 2707 455 2732 rursus
474 2693 632 2732 infitiari
649 2707 774 2744 neque
794 2708 952 2746 possum
974 2710 1099 2747 neque
1119 2697 1221 2743 volo,
1245 2697 1393 2735 mendis
1411 2697 1514 2736 haud
1531 2709 1678 2742 carere,
1695 2709 1783 2747 quae

322 2768 452 2793 versus
475 2755 592 2793 finem
612 2756 809 2807 praecipue
830 2763 920 2795 sunt
938 2758 1170 2797 crebriores.
1202 2759 1294 2796 Pars
1315 2766 1373 2796 est
1393 2758 1642 2797 bibliothecae
1659 2758 1785 2808 publi-

323 2829 396 2862 cae,
415 2830 505 2866 qua:
535 2817 573 2854 in
598 2817 688 2868 jure
707 2825 825 2867 atque
853 2824 1048 2869 potestate
1070 2826 1128 2872 est
1147 2819 1422 2858 Universitatis
1443 2818 1785 2858 Helmstadiensis:

322 2883 563 2927 quapropter
598 2878 707 2916 illum
742 2879 920 2918 codicem
958 2881 1305 2920 Helmstadiensem
1346 2882 1575 2933 plerumque
1613 2880 1782 2932 appello.

322 2938 511 2976 Exaratus
531 2944 591 2977 est
610 2939 648 2977 in
668 2940 901 2979 membranis
929 2941 1168 2981 nitidissimis
1195 2943 1405 2994 plerisque,
1426 2956 1502 2981 una
1523 2956 1650 2989 manu,
1672 2940 1782 2992 quasi

321 3011 399 3038 uno
429 2998 505 3046 die,
533 2999 729 3041 literarum
762 3002 946 3042 ductibus
971 3004 1242 3056 pulcherrimis
1270 3011 1310 3044 et
1334 3006 1440 3044 lectu
1469 3002 1786 3056 expeditissimis,
