1899 3322
411 202 498 244 AD
529 201 627 244 OR.
662 201 726 243 IN
759 198 1254 243 CTESIPHONTEM.

105 307 154 350 (h.
168 318 196 338 e.
212 307 286 338 mihi
303 307 427 348 meique,
441 308 608 349 similibus)
629 309 677 340 sed
699 310 746 345 iis,
769 309 822 350 qui

105 357 204 382 tantas
217 352 313 382 clades
327 353 380 382 sibi
394 354 592 382 ccmsciverint.

148 394 174 433 §.
187 392 216 424 ν’.
231 405 263 434 p.
278 396 351 426 239.
369 407 399 426 v.
413 395 468 425 ult.
483 395 606 435 πόλεως]
624 395 703 424 Post
715 394 823 428 πόλεως

105 436 232 467 videtur
249 438 366 477 aliquid
382 439 501 468 deesse.

148 491 180 520 p.
197 483 270 510 240.
286 492 316 511 ν.
336 485 477 520 autepen.
500 481 589 511 «πάλιν
611 479 711 521 αὐτὸς]
738 481 821 510 Num

105 534 179 554 vera
190 523 284 553 lectio
300 524 388 554 πάλιν
400 522 436 553 αὖ
452 520 551 557 oiri-eci
581 524 642 553 Sed
657 523 822 563 acquiesco

105 566 137 597 in
154 567 290 606 vulgata.

148 609 226 640 ibid.
243 620 272 640 v.
285 619 355 648 peu.
371 608 542 648 εὐαγγελίων
555 607 606 639 καὶ
621 608 742 650 θυείας]
766 608 823 638 Vi-

102 652 198 689 detur
213 652 420 692 hendiadyoin
439 663 507 682 esse
522 662 581 692 pro
596 651 699 686 Θύσιας
709 651 757 682 ἐπὶ
770 663 823 681 κα-

107 697 168 731 λοῖς
186 694 378 734 ἦγγελμὲνοις.
423 696 485 725 Sed
507 696 597 725 aliter
622 695 726 726 locum
751 705 823 725 con-

106 739 192 769 stitui
207 749 246 768 ex
264 738 519 769 Helmstadiensi.

148 791 182 822 p.
203 784 278 812 241.
302 792 332 812 v.
353 783 382 812 3.
407 781 614 823 φυλάττοντα]
639 780 718 811 Exta
739 782 823 812 victi-

107 835 224 856 marum
236 825 442 863 observantem,
457 827 631 855 intuentem.
648 824 824 855 subindicat

108 868 323 899 Alexandrum
340 868 486 908 ignavum
502 874 534 899 et
547 868 719 905 imbellem,
740 867 824 898 timi-

107 912 191 947 dum,
207 911 337 951 spiritus
353 917 503 943 amantem
525 922 607 949 esse,
622 911 824 952 periculaque

109 955 266 995 defugere.

149 998 176 1038 §.
189 998 231 1028 νά.
246 1009 278 1038 p.
293 1000 368 1029 242.
382 1009 413 1029 v.
428 1002 456 1030 1.
473 999 620 1040 παράλιοι]
632 998 825 1038 Quocunque

107 1052 202 1072 sensu
223 1040 372 1082 accipias,
395 1042 468 1081 quid
492 1042 552 1072 huc
572 1042 697 1078 faciant,
721 1046 752 1072 et
772 1041 825 1081 qui

106 1085 228 1124 possint
241 1085 380 1115 homines
395 1085 536 1121 Athenis,
557 1091 611 1115 aut
629 1085 661 1115 in
677 1095 752 1125 agro
768 1085 825 1115 At-

105 1129 168 1158 tico
178 1132 347 1164 versantes,
355 1133 453 1158 testes
463 1129 510 1159 rei
521 1129 602 1168 apud
613 1128 825 1159 Alexandrum

107 1176 206 1210 gestae
233 1182 315 1208 esse,
343 1172 425 1202 haud
452 1171 595 1211 equidem
623 1172 728 1202 video.
752 1183 825 1211 qua-

106 1219 237 1255 propter
258 1215 424 1254 legendum
448 1215 687 1254 suspicoresse
711 1215 825 1254 Φαρσά-

105 1263 171 1288 λιοι.
207 1258 374 1292 Pharsalii,
401 1262 511 1297 utpote
530 1257 685 1293 Thessali,
711 1257 825 1296 quibus

105 1301 272 1340 Philippus
283 1305 315 1330 et
325 1301 503 1331 Alexander
514 1301 644 1331 multum
654 1304 825 1337 uterentur,

104 1349 250 1384 poteraut
265 1344 323 1374 hoc
339 1349 423 1375 certo
440 1344 529 1375 scire.
554 1345 632 1374 Post
643 1344 694 1373 hic
709 1344 826 1374 dudum

107 1388 226 1427 scripta
247 1387 351 1427 reperi
376 1387 408 1417 iu
438 1386 563 1418 schedis
590 1387 728 1426 Taylori,
755 1397 825 1417 eum

106 1441 228 1470 quoque
237 1431 316 1461 hanc
325 1431 358 1460 in
369 1431 577 1471 suspicionem
591 1430 722 1461 venisse.
735 1441 825 1469 quam

107 1484 238 1504 necesse
263 1479 312 1504 est
330 1484 402 1504 eum
421 1473 523 1504 minus
538 1474 700 1513 probasse,
719 1474 771 1513 qui
793 1474 825 1504 in

108 1517 356 1548 annotationibus
371 1517 534 1557 impressis
546 1517 628 1547 haud
640 1527 825 1547 commemo-

108 1567 195 1592 rant.
715 1568 718 1570 ⁷

152 1604 272 1634 ibid.v.
288 1606 319 1635 3.
336 1603 514 1644 πλαταΐκές]
538 1605 618 1634 Nam
632 1603 825 1634 Plataeenses

108 1657 214 1678 omnes
231 1652 296 1677 tum
311 1647 445 1678 Athenis
461 1647 651 1683 habitabant,
664 1648 733 1686 jure
750 1647 826 1676 eivi-

108 1691 182 1721 tatis
198 1691 313 1722 Atticae
325 1691 445 1727 donati,
463 1696 493 1720 et
508 1691 587 1721 iuter
604 1691 703 1720 tribus
719 1689 825 1720 distri-

107 1734 189 1771 buti,
204 1734 240 1765 id
265 1735 349 1774 quod
380 1744 421 1766 ex
451 1734 591 1765 oratione
620 1734 654 1764 iu
681 1735 826 1764 Neaeram

109 1783 242 1808 constat.

151 1821 230 1851 ibid.
245 1832 275 1852 v.
287 1821 319 1852 5.
331 1820 486 1863 γενόμενος]
501 1821 636 1852 Videtur
647 1820 766 1860 aliquid
776 1820 826 1850 hic

108 1865 231 1895 deesse.
254 1865 349 1901 Num,
364 1865 498 1906 γνώριμος
512 1865 603 1905 αὐτῷ,
618 1864 666 1894 οὐκ
677 1863 739 1894 οῖδα.
754 1866 826 1902 πῶς,

109 1907 261 1948 γενόμενος.

151 1951 179 1991 §.
194 1951 246 1985 νβ’.
266 1962 298 1991 p.
317 1952 391 1982 242.
406 1961 437 1981 v.
452 1952 505 1989 15.
521 1951 641 1992 τούτων]
669 1951 717 1981 Ea
738 1955 825 1990 puta,

109 2004 178 2034 quae
195 2005 288 2034 supra
304 1994 372 2024 dixi
389 1995 629 2025 Demosthenem
652 1994 693 2024 de
719 2004 775 2024 suo
793 1994 825 2024 in

109 2039 301 2068 Macedonas
325 2038 410 2074 odio,
440 2038 610 2078 patriaeque
631 2038 760 2068 caritate
777 2039 825 2076 ja-

109 2086 194 2111 ctare
217 2081 429 2111 consuevisse.
462 2082 537 2121 Ipse
557 2081 722 2111 AEschines
745 2081 825 2117 haec,

109 2124 240 2154 brevius
259 2129 292 2154 et
310 2124 471 2155 obscurius
495 2124 591 2162 dicta,
606 2124 733 2165 exponit
755 2124 825 2155 istis

110 2167 159 2197 καὶ
176 2170 349 2208 ιιῑινολεμυιᾶῖς
361 2166 448 2209 εἶχεν.

152 2211 232 2241 ibid.
248 2222 279 2241 v.
301 2214 354 2242 17.
377 2210 480 2252 καιςοὶ]
518 2210 640 2249 Quibus
666 2211 825 2247 virtutem,

111 2254 307 2294 animumque
324 2255 549 2284 Macedonibus
565 2255 722 2291 infestum,
738 2255 826 2294 inge-

109 2297 214 2338 niique
231 2297 389 2328 solertiam
412 2298 444 2327 iu
467 2298 685 2337 excogitandis
700 2298 826 2328 rationi-

111 2341 182 2378 bus,
207 2342 320 2381 quibus
345 2341 468 2371 illorum
494 2342 633 2382 potentia
658 2341 825 2378 minuatur,

111 2385 275 2424 proferret.

153 2438 186 2467 p.
203 2430 277 2459 243.
293 2438 323 2458 ν.
338 2431 366 2458 l.
381 2427 490 2469 βούλει]
516 2427 581 2458 Hic
595 2427 768 2468 ingreditur
779 2427 828 2457 τὸν

111 2470 232 2512 δεύτερον
256 2470 347 2512 καιςδν
374 2471 499 2501 illorum
522 2471 616 2501 trium
643 2476 826 2511 temporum,

111 2524 180 2554 quae
191 2525 286 2544 versu
299 2516 351 2545 16.
368 2525 401 2554 Ρ.
418 2517 492 2545 242.
508 2519 814 2545 commemoraverat.

154 2558 234 2588 ibid.
249 2568 280 2587 v.
297 2561 350 2588 14.
367 2560 422 2588 τῶν
436 2558 488 2588 νυνὶ
498 2557 738 2598 καθεστηκότων]
755 2559 827 2588 Hoc

112 2601 236 2632 tertium
250 2605 373 2640 tempus
385 2606 445 2631 est.

154 2644 230 2674 ibid.
251 2655 282 2674 v.
300 2647 352 2676 15.
373 2643 600 2685 Λακεδαιμόνιοι]
632 2644 711 2674 Post
735 2651 828 2674 Λακε-

114 2685 245 2727 δαιμόνιοι
269 2687 444 2718 addidisset
466 2688 544 2718 alius
567 2690 632 2728 γὰρ,
654 2686 828 2718 vinciendae

114 2731 262 2760 orationis
291 2741 378 2770 ergo.
421 2731 482 2761 Sed
514 2731 683 2761 AEsohines
715 2731 747 2761 in
781 2732 829 2761 his

113 2773 205 2812 paulo
219 2778 269 2804 est
287 2773 476 2810 dissolutior,
492 2780 523 2804 et
547 2775 691 2804 universo
715 2785 829 2814 genere

114 2816 239 2847 dicendi
254 2826 309 2846 suo
325 2817 452 2856 proprio
470 2817 576 2848 utitur.
622 2818 683 2848 Sed
701 2822 749 2847 est
771 2818 830 2847 hoc

102 2859 239 2897 ·quidem
271 2860 352 2889 leve.
397 2860 496 2889 Paulo
526 2861 653 2900 majoris
683 2861 831 2891 momenti

116 2907 165 2932 est
178 2903 301 2938 vitium,
324 2903 406 2942 quod
424 2903 567 2942 proximo
581 2903 630 2933 καὶ
649 2903 773 2934 videtur
787 2905 832 2934 iu·

116 2945 228 2982 sidere,
244 2956 302 2985 pro
314 2955 375 2985 quo
391 2946 454 2985 legi
469 2947 572 2976 malim
587 2945 665 2987 πςός.
697 2946 834 2977 Lucedae-

115 2990 206 3019 monii
218 2998 351 3028 prospere
365 2987 431 3028 πρὸς
445 2988 480 3018 τὸ
496 2988 763 3028 ξενικὸνβᾶνετευε
779 2992 834 3020 mi-

117 3030 181 3062 lites
196 3033 391 3063 mercenarios
403 3033 592 3073 pugnabant.
628 3033 681 3063 Sic
699 3034 836 3074 appellat

1459 185 1569 244 359

855 306 968 337 milites
985 306 1156 337 Alexandri
1172 305 1389 343 mercenarios,
1412 315 1472 335 nou
1488 306 1569 336 indi-

855 360 950 388 genas
976 349 1177 384 Macedonas,
1202 350 1233 379 in
1255 351 1481 389 Peloponneso,
1512 351 1569 379 sub

855 393 1003 432 auspiciis
1019 393 1187 431 Antipatri,
1202 392 1373 422 libertatem
1392 393 1570 422 Graecarum

856 436 1016 466 civitatum
1034 440 1257 475 oppugnantes.

899 479 975 509 ibid.
993 490 1022 509 V.
1043 481 1092 508 16.
1107 478 1253 519 Κόῤῥαγσν]
1285 479 1460 517 Corrhagus
1482 478 1571 508 vide-

855 526 905 551 tur
920 532 1029 552 nomen
1045 522 1128 551 illius
1145 521 1258 561 ξεναγοῦ
1271 532 1351 556 esse,
1364 531 1418 550 seu
1431 521 1570 552 ductoris

855 565 964 594 horum
993 565 1123 595 militum
1160 564 1303 594 mercede
1338 564 1571 594 conductorum.

857 608 924 638 Res
953 612 1025 638 nota
1057 613 1116 644 cst,
1145 607 1202 637 hos
1229 608 1377 637 ductores
1401 608 1571 646 copiarum,

856 661 933 690 quas
949 661 1010 680 aere
1025 661 1081 681 suo
1097 651 1213 680 alerent
1227 650 1344 690 copias,
1367 660 1418 679 eas
1442 660 1574 681 consue-

857 695 940 725 visse
955 694 1183 733 potentioribus
1200 693 1281 730 aliis,
1306 703 1360 723 seu
1377 692 1570 730 civitatibus,

857 748 913 767 seu
928 737 1054 776 regibus
1076 737 1198 767 elocare
1221 737 1259 767 ad
1283 746 1394 777 operas
1421 735 1571 766 militares

855 782 1060 820 praestandas.

901 824 978 855 ibid.
1008 835 1039 854 v.
1067 825 1119 854 17.
1143 822 1443 865 συμμετεβάλλοντο]
1475 822 1574 853 Simul

857 878 925 897 cum
942 866 1186 899 Lacedaemouiis
1200 867 1383 898 deficiebant
1398 877 1415 897 a
1431 867 1574 907 partibus

857 911 1078 942 Macedonum.

901 954 978 985 ibid.
1009 966 1039 985 v.
1071 958 1214 993 antepeu.
1240 953 1329 994 αὐτὴ]
1367 953 1478 983 Malim
1501 951 1574 983 αὕτη

859 997 931 1028 haec.
970 997 1179 1038 Megalopolis
1210 1002 1295 1037 puta.
1325 995 1528 1037 ἐπολιοξκεῖτο]
1558 1006 1577 1026 a

858 1041 1102 1072 Lacedaemoniis
1117 1046 1149 1070 et
1162 1051 1269 1071 eorum
1285 1040 1390 1070 sociis.

901 1084 928 1124 ξ.
952 1083 1003 1123 νγ’.
1030 1095 1062 1125 Ρ.
1088 1087 1164 1115 244.
1193 1095 1221 1114 v.
1249 1094 1321 1124 pen.
1353 1094 1424 1117 τινες
1447 1081 1577 1124 πρῶτον]

859 1128 950 1159 Fors.
966 1127 1038 1161 τινὲς
1053 1129 1121 1167 {ipati
1135 1126 1182 1158 τόν
1196 1126 1335 1167 oretum-6⁷.
1368 1126 1445 1157 Sunt
1458 1127 1509 1166 qui
1524 1137 1578 1156 ⁷10-

859 1172 901 1201 bis
912 1172 1044 1210 podicem
1057 1173 1100 1201 ita
1109 1172 1274 1210 trajiciant,
1284 1175 1319 1200 ut
1331 1171 1354 1199 si
1369 1169 1483 1210 quifilo
1497 1180 1578 1200 acus.

859 1214 988 1244 Plebeio
1012 1215 1104 1244 modo
1128 1214 1242 1243 dicitur
1267 1214 1294 1243 is
1314 1213 1405 1243 alicui
1431 1212 1578 1252 podicem

859 1257 1015 1296 trajicere,
1031 1257 1084 1296 qui
1097 1256 1276 1286 contemtim
1293 1266 1363 1286 eum
1377 1256 1481 1291 habet,
1494 1255 1578 1286 subi-

860 1300 918 1339 git,
936 1300 1094 1340 opprimit,
1115 1300 1221 1330 florem
1245 1299 1274 1329 ei
1294 1299 1398 1339 eripit,
1423 1299 1579 1329 dedecore

860 1343 964 1379 afficit,
980 1348 1011 1374 et
1025 1343 1163 1373 dolorem
1179 1348 1272 1374 creat.
1316 1343 1417 1379 Unde,
1433 1353 1501 1382 quae
1516 1342 1579 1372 loci

861 1386 904 1416 sit
925 1387 1088 1422 sententia,
1108 1386 1200 1417 facile
1225 1390 1364 1427 apparet.
1410 1387 1499 1422 Sunt,
1523 1386 1578 1422 ait,

862 1430 914 1469 qui
930 1441 997 1470 rep.
1013 1436 1118 1460 nostra
1134 1430 1263 1471 perinde
1286 1430 1461 1467 abutantur,
1485 1434 1578 1468 atque

861 1473 1038 1513 paedicones
1065 1474 1247 1513 corporibus
1269 1483 1387 1508 eorum,
1413 1483 1491 1512 quos
1514 1476 1578 1502 stu-

860 1522 961 1556 prant.
1007 1517 1196 1558 Opprimunt.
1211 1527 1278 1552 nos,
1295 1521 1326 1546 et
1342 1515 1457 1546 invitos
1472 1516 1579 1545 libidi-

860 1560 893 1590 ni
909 1570 973 1590 suae
994 1560 1113 1590 servire
1131 1565 1256 1600 cogunt,
1274 1559 1402 1596 violant,
1426 1559 1580 1596 derident,

860 1603 1007 1634 infamant
1022 1608 1054 1633 et
1069 1604 1218 1634 cruciant.

904 1646 930 1686 ᾗ.
945 1646 995 1682 νς-’.
1013 1658 1044 1688 p.
1056 1648 1130 1678 248.
1142 1657 1173 1676 v.
1184 1650 1235 1677 12.
1246 1649 1300 1677 τᾶν
1316 1644 1470 1687 ω-ξνγὸνων]
1488 1646 1579 1676 More

861 1696 1026 1727 oratorum,
1041 1690 1267 1730 exaggerandae
1284 1690 1330 1720 rei
1346 1699 1450 1724 causa,
1473 1690 1580 1729 plura-

860 1734 919 1763 lem
933 1734 1106 1773 usurpavit,
1119 1734 1165 1764 rei
1179 1734 1310 1763 veritate
1328 1732 1512 1772 singularem
1523 1744 1578 1762 nu-

860 1788 975 1808 merum
992 1782 1151 1817 poscente.
1182 1777 1286 1818 Gylou
1303 1777 1383 1807 enim
1396 1776 1481 1806 solus
1497 1776 1578 1807 desi-

864 1826 985 1861 gnatur.

903 1864 930 1904 §.
947 1864 994 1904 νζ.
1012 1874 1044 1903 Ρ.
1058 1866 1131 1895 249.
1145 1875 1174 1894 v.
1192 1865 1222 1893 8.
1236 1862 1477 1903 δεινῶς-κακῶς]
1501 1864 1579 1893 Sunt

859 1908 968 1948 utique
998 1905 1075 1941 δεινὸς
1100 1913 1131 1937 et.
1155 1906 1241 1940 κακές
1270 1908 1440 1937 usitatiora.
1471 1917 1579 1937 verum

859 1952 942 1982 haud
965 1953 1042 1982 bene
1065 1951 1295 1992 respondebunt
1321 1951 1480 1990 praemisso
1507 1953 1577 1984 πεῖ-ς.

860 2005 954 2035 quare
966 1995 1119 2025 servanda
1131 1994 1256 2024 videtur
1265 1994 1401 2033 vulgata.
1412 1995 1580 2033 amplecte-

859 2049 910 2068 rer
927 2038 1127 2078 adjectivum,
1139 2038 1165 2067 si
1181 2038 1258 2070 ποῖος
1274 2037 1324 2066 vel
1341 2037 1432 2071 ὁποῖος
1446 2047 1580 2076 praeces-

860 2082 963 2112 sisset.
1009 2081 1174 2120 Vulgatam
1191 2080 1236 2110 sic
1251 2080 1383 2119 accipio,
1405 2090 1440 2109 ac
1458 2080 1485 2109 si
1503 2080 1579 2110 scri-

859 2132 945 2165 ptum
957 2128 1041 2154 esset
1053 2124 1140 2158 δεινῶς
1154 2122 1264 2163 πέφυκε
1277 2125 1355 2153 κατὰ
1367 2122 1433 2163 (vel
1445 2121 1534 2165 πρὸς)
1547 2122 1582 2152 τὸ

860 2167 962 2207 λέγειν,
978 2173 1009 2198 et
1023 2170 1119 2202 κακῶς·
1133 2169 1212 2196 κατὰ.
1228 2166 1262 2196 τὸ
1277 2166 1385 2200 βιῶναι.

902 2212 980 2242 ibid.
996 2222 1026 2241 v.
1043 2214 1095 2241 10.
1120 2211 1258 2251 σώματι]
1294 2211 1342 2240 De
1364 2209 1497 2240 lectione
1522 2209 1580 2238 025-

858 2266 938 2296 ματι
954 2253 986 2284 ἐκ.
1002 2252 1110 2288 παιδὸς,
1127 2259 1159 2283 ut
1177 2254 1319 2293 equidem
1337 2254 1480 2289 arbitror,
1499 2253 1579 2283 haud

861 2299 1053 2338 aspernanda
1069 2297 1203 2328 viderint
1216 2298 1278 2327 alii.
1325 2297 1495 2327 Decentior
1511 2296 1580 2336 qui-

861 2343 930 2372 dem
948 2347 996 2371 est
1013 2341 1147 2380 vulgata.
1192 2342 1339 2378 Quaerere
1356 2341 1470 2370 liberos
1488 2350 1504 2369 e
1518 2350 1581 2370 ma-

859 2385 959 2420 ribus,
976 2386 1066 2415 habet
1081 2384 1190 2414 durum
1209 2384 1315 2415 nescio
1338 2384 1424 2423 quid,
1444 2389 1475 2413 et
1490 2393 1580 2413 aures

861 2429 1032 2464 offendens,
1042 2429 1194 2467 pudorem
1204 2433 1298 2458 certe.
1311 2437 1482 2467 quanquam
1496 2437 1583 2457 acer·

861 2473 931 2503 bius
948 2473 977 2502 ei
994 2472 1080 2502 virus
1096 2472 1188 2501 inest.

905 2515 930 2555 ς.
946 2516 985 2546 νή.
999 2525 1031 2554 p.
1047 2517 1121 2545 250.
1137 2526 1167 2545 v.
1191 2518 1242 2544 11.
1260 2515 1296 2544 σὺ
1312 2513 1356 2553 δὲ]
1393 2512 1580 2552 Ctesiphon-

862 2563 925 2589 tem
941 2558 1121 2598 alloquitur.

905 2602 931 2642 ᾗ.
948 2600 996 2632 ν6’.
1018 2612 1050 2641 p.
1074 2602 1150 2632 ⁶251.
1169 2611 1199 2630 V.
1219 2604 1251 2631 7.
1274 2599 1307 2629 'ri
1334 2601 1460 2640 πξῖιγμα
1486 2609 1581 2627 κατ-α-

863 2643 1032 2685 πέπλυται]
1056 2645 1135 2680 Res,
1146 2645 1186 2673 de
1199 2654 1258 2683 qua
1270 2653 1348 2673 nuuc
1362 2643 1474 2680 agitur,
1485 2642 1582 2672 hono-

863 2699 928 2718 rum
948 2694 1023 2727 puta
1040 2693 1070 2717 et
1086 2688 1283 2727 praemiorum
1301 2685 1435 2719 collatio,
1451 2685 1494 2714 ita
1511 2695 1582 2724 pro-

863 2732 1012 2767 funditur,
1037 2731 1123 2760 velut
1146 2741 1224 2769 aqua
1249 2740 1266 2759 e
1297 2728 1400 2764 situla,
1420 2738 1479 2767 qua
1507 2739 1586 2767 aqua

862 2775 1072 2815 pavimentum
1089 2778 1325 2813 conspurcatum
1338 2772 1522 2801 abluendum
1535 2772 1586 2802 sit.

864 2817 1084 2848 καταπλύνεται
1100 2827 1160 2846 non
1177 2816 1275 2846 solum
1291 2827 1339 2846 res
1353 2815 1514 2850 abluenda,
1529 2816 1584 2845 sed

866 2862 958 2891 etiam
973 2862 1017 2896 id,
1036 2871 1096 2899 quo
1116 2861 1152 2889 ad
1172 2860 1356 2889 abluendum
1375 2858 1488 2887 utimur
1526 2859 1585 2888 Est

866 2905 971 2944 itaque
994 2902 1227 2933 καταπέπλυται
1252 2901 1434 2942 effunditur,
1452 2901 1585 2942 prodigi-

868 2954 929 2977 ίαν.
958 2947 1008 2976 Ex
1026 2946 1159 2976 Helmst.
1177 2946 1289 2984 colligo
1311 2945 1340 2973 iu
1364 2944 1462 2979 libris,
1483 2945 1585 2974 saltim

870 2991 1066 3031 quibusdam,
1084 2989 1156 3018 olim
1170 2990 1264 3018 l'uisse
1277 2986 1542 3018 ›ta-rmn‘mvm-m.

914 3033 941 3072 ξ.
959 3033 1006 3071 Ei.
1020 3044 1051 3073 p.
1063 3035 1137 3064 ⁴253.
1154 3044 1182 3063 v.
1201 3035 1231 3063 23.
1245 3031 1332 3072 ἆξιςι]
1357 3032 1466 3062 Gausoe
1483 3031 1522 3060 nil
1543 3031 1587 3061 vi-
