1981 3322
636 197 721 239 AD
754 196 1111 240 AESCHINEM.

212 312 267 347 71,
284 313 337 344 23.
360 310 407 342 ἤδη
431 309 494 352 [ἐπ.
515 321 546 341 τ.
566 310 606 353 ἒ.]
631 311 719 341 ἀνι-ελ.
742 309 887 341 Scholion

171 354 208 383 ad
227 357 282 384 τῶν
300 357 413 385 πολλὶν
431 360 489 385 etc.
505 365 587 384 mox.
620 354 689 384 Nisi
705 359 810 385 contra
825 359 887 384 sta-

169 402 251 433 tuas,
269 398 370 437 priora
386 398 548 432 servanda,
565 397 695 427 delenda
716 397 887 436 superiora.

212 443 266 475 71,
281 443 334 472 34.
358 441 450 471 Dein.
467 441 515 470 ΟΙ.
534 440 597 470 lII.
615 451 645 479 p.
661 442 713 475 29,
726 444 778 471 17.

210 485 265 518 71,
282 487 335 514 40.
359 483 604 524 ΑΒ,Παιρ’ῥ’ἇ-τιον’ἔ

213 527 288 567 [57]
314 529 366 563 72,
388 531 437 557 10.
460 526 513 556 ἐπὸ
529 526 562 556 ὃ.
579 524 650 566 cx<
681 525 729 555 Ad
755 526 887 565 Olynth-

168 569 214 600 ΙΙ.
228 570 295 599 init.
319 570 401 601 Vide
415 570 451 599 ad
470 569 562 599 Dem.
580 570 619 599 F.
632 569 668 599 L.
686 579 717 609 p.
729 572 805 604 4:36,
818 572 871 599 21.

211 614 330 648 72,3⁶2.
351 613 489 651 plorasset
508 613 622 650 opinor,
641 613 692 651 qui
708 612 828 642 Thebas
845 611 885 641 δι-

168 654 253 689 καίως·
275 655 398 685 excisas
425 655 622 685 efl’mivisset.
658 655 754 692 Lego,
785 655 807 684 εἶ
837 656 886 685 καὶ

167 698 237 737 πεξὶ
252 700 307 727 τῶν
320 697 389 728 δ’λων
402 698 450 727 οὐκ
465 697 612 738 ὀρθῶς-η
626 697 730 737 Atque
748 698 794 728 οὐκ
810 708 886 728 mss.

164 745 199 770 ut
212 741 396 771 videtur.—-
407 742 506 770 Miror
518 741 588 775 ista,
606 742 712 777 fateor,
726 752 757 779 p.
769 744 821 776 90,
833 743 886 771 30.

165 785 249 822 μετὰ
263 787 319 813 τῶν
337 783 483 824 βαρβάρων
497 784 702 817 τοῖς“Ελλησιν
717 785 886 824 (Macedo-

166 827 272 864 nibus)
281 828 495 867 ἀντιπξίιττειγ,
506 828 660 866 quomodo
670 838 762 857 ausus
773 827 813 856 sit
824 827 887 857 elo-

164 869 216 908 qui
234 869 412 900 AEschines.
436 870 527 911 (NB.
544 870 606 900 Ista
619 881 677 899 non
691 869 888 900 vindicabunt

166 912 410 953 Pseudo-Lysia:
425 914 557 952 ineptias
573 924 605 953 p.
623 915 697 949 196,
714 916 744 943 6.
768 913 871 953 seqq.)

208 957 264 992 74,
282 959 332 987 10.
356 956 467 988 Cicero
492 957 605 986 Milon.
631 959 683 987 228.
719 960 741 974 “
755 957 884 991 Nescio,

165 1000 319 1036 quomodo
341 1001 403 1038 jam
429 1000 604 1030 induruerat
631 1005 662 1029 et
685 1000 884 1038 percalluerat

165 1041 298 1071 civitatis
311 1043 502 1073 incredibilis
518 1042 700 1082 patientia.''

206 1086 261 1120 76,
281 1089 331 1116 10.
357 1086 441 1116 Vide
458 1097 493 1115 an
511 1087 569 1115 huo
583 1087 640 1115 ref.
659 1088 712 1121 84,
729 1086 760 1116 5.

205 1129 260 1163 77,
277 1131 308 1158 8.
337 1129 416 1159 Vide
428 1129 465 1158 ad
478 1128 569 1158 Dem.
585 1129 667 1158 Phil.
679 1129 705 1158 Ι.
719 1139 750 1167 p.
763 1130 817 1164 50,
829 1131 881 1159 26.

207 1172 261 1207 77,
275 1173 328 1202 ⁶28.
352 1171 508 1211 Suspicari
526 1173 642 1211 possis,
658 1173 767 1210 πρῶτον
783 1174 882 1212 (τετρῶ-

163 1212 316 1253 wrov)esse
324 1215 456 1254 glossam
471 1215 507 1243 ad
521 1217 751 1254 everQeamque
763 1215 880 1244 falsam.

205 1259 260 1292 77,
276 1260 330 1288 44.
355 1261 412 1288 et'c.
437 1258 449 1287 ὁ
475 1258 639 1294 δημοτικός.
667 1258 741 1296 Ejus
760 1259 884 1296 majores

161 1300 263 1330 ‘nullas
290 1312 423 1341 unquam
446 1302 610 1331 simultates
638 1312 707 1332 cum
731 1301 775 1340 τῷ
800 1302 881 1340 δήμῳ

162 1343 292 1373 habuisse
313 1345 426 1375 debent.
449 1345 579 1378 Similia,
603 1344 632 1373 ni
657 1344 756 1380 fallor,
770 1345 881 1384 Lysias

162 1386 194 1416 in
212 1388 366 1427 praeclaris
381 1387 451 1418 istis
467 1388 506 1418 de
529 1388 693 1427 δημοτικοῖς
713 1392 744 1417 et
765 1387 881 1428 &Myag-

169 1439 276 1470 χικοις.

204 1475 260 1509 79,
275 1476 328 1505 38.
347 1473 519 1514 ἐπωνυμίαν.
544 1474 623 1504 Vide
640 1484 672 1513 p.
691 1476 744 1509 41,
759 1476 810 1504 15.

205 1519 257 1551 80,
276 1519 306 1547 Ξ.
332 1518 429 1556 Lego,
446 1529 518 1548 mss.
531 1518 725 1555 juvantibus,
748 1516 774 1546 οἳ
793 1518 881 1547 πολὺν

162 1559 369 1599 ὑπομείναντες
385 1561 461 1591 πόνον
475 1561 522 1590 καὶ
536 1573 575 1600 μ.
591 1572 620 1590 κ.

205 1605 259 1639 81,
276 1606 328 1633 18.
345 1609 406 1633 etc.
421 1604 581 1633 Demostb.
598 1602 734 1633 Timoor.
756 1604 834 1638 748,
850 1605 880 1633 8.

205 1648 260 1686 81,
276 1648 328 1676 93.
351 1645 384 1676 τί
396 1648 451 1686 γὰρ
473 1646 616 1686 ὅσιοί-τερον
630 1646 880 1685 -πςάττοντος;

163 1688 364 1728 Quantocyus
377 1689 437 1719 ista
452 1689 522 1719 hinc
537 1690 680 1719 exturba.
690 1689 767 1718 Loci
780 1699 880 1718 nexus

160 1736 217 1767 est,
233 1732 302 1762 olim
322 1735 449 1762 acciones
464 1732 633 1772 παρανόμων
647 1742 693 1767 re,
707 1742 764 1761 non
787 1732 880 1761 solum

159 1775 529 1812 nomine,ea·ercebantur‚-
553 1780 584 1805 et
606 1775 636 1804 in
660 1774 722 1804 illis
746 1775 785 1804 de
809 1774 880 1815 ipso

161 1816 314 1858 παρανόμῳ
337 1814 545 1858 quaerebat'ur.
580 1818 662 1848 Vide
691 1828 727 1847 an
756 1818 826 1854 ista,
850 1817 881 1847 τί

160 1863 216 1900 yae
230 1865 291 1890 etc.
315 1863 459 1902 ponenda
483 1862 544 1891 sint
563 1865 636 1903 post
661 1859 834 1900 τετίμηται,
849 1872 879 1901 p.

158 1905 212 1939 82,
234 1906 287 1935 12.
302 1922 347 1928 —-
363 1906 454 1935 Nunc
481 1916 596 1944 quaero,
624 1914 722 1933 annon
750 1904 881 1942 paucula

159 1948 297 1986 qnaedam
313 1948 498 1983 exciderint,
513 1948 616 1987 qualia
627 1952 742 1983 essent,
752 1946 785 1976 τὸ
795 1946 880 1987 ἔξγον,

161 1990 210 2020 καὶ
227 1991 389 2032 πικρότατα
404 1991 526 2033 ἐδίκαζον
548 1992 571 2023 oi
597 1989 678 2027 τότε,
704 1990 830 2027 εἰκότως,
850 1990 881 2020 τί

160 2045 216 2073 7²2?
227 2051 281 2064 —.

205 2079 257 2112 8⁶2,
276 2080 306 2107 1.
330 2076 489 2118 ἐγράψατο.
507 2078 587 2107 Vide
599 2077 724 2117 Taylor.
739 2075 804 2106 Vit.
818 2078 879 2116 Ly-

160 2119 226 2155 siae,
244 2120 356 2151 Reisk.
369 2126 391 2151 t.
410 2124 441 2152 6.
453 2132 485 2160 p.
503 2123 576 2151 146.

205 2165 258 2200 82,
271 2166 324 2195 43.
343 2169 403 2194 etc.
431 2165 576 2204 Respicit
601 2164 692 2193 Dem.
709 2163 749 2192 de
765 2162 879 2193 Coron.

161 2205 230 2236 inii.

204 2250 240 2290 [5
247 2250 278 2290 9]
298 2251 351 2286 83,
364 2251 416 2281 ⁶25.
438 2250 493 2290 ἔξω
507 2250 558 2281 τοῦ
570 2248 734 2291 παςανόμου
749 2247 878 2290 [λόγους]

159 2293 209 2322 Ex
228 2293 348 2323 vicinis.

205 2338 258 2370 83,
279 2338 331 2367 29.
355 2336 469 2367 Confer
492 2337 600 2376 λῃστὲν
624 2338 677 2372 89,
703 2338 756 2365 40.
787 2337 878 2365 Dem.

164 2379 246 2409 Phil.
262 2379 328 2410 III.
344 2389 376 2420 p.
391 2382 464 2415 116,
480 2383 532 2411 19.

188 2425 258 2457 ·83,
274 2425 325 2454 37.
349 2425 392 2461 μῆ
415 2434 531 2462 μνητικ.
556 2423 657 2462 Supra
670 2424 724 2456 51,
741 2424 793 2451 41.

205 2469 259 2500 83,
275 2470 331 2497 42.
351 2467 433 2500 θεοὺς
455 2466 572 2501 καινούς.
595 2468 672 2496 Eur.
697 2465 782 2494 Med.
804 2465 880 2495 493.

161 2509 212 2539 ed.
231 2511 321 2540 Pors.

205 2555 322 2588 83,44.
347 2552 425 2582 Dele
449 2551 485 2590 εἶ,
508 2558 539 2582 et
554 2552 710 2593 interroga
733 2560 805 2596 post
827 2567 879 2587 πο-

162 2596 283 2631 λιτείας.
300 2607 372 2626 mss.
385 2596 490 2634 priora
506 2606 537 2636 p.
554 2599 604 2627 19.

205 2644 258 2676 84,
275 2643 306 2670 5.
331 2639 378 2669 Ad
395 2641 450 2679 76,
467 2642 518 2670 16.

205 2687 259 2719 84,
275 2685 306 2713 7.
333 2683 441 2720 Recte,
457 2688 490 2712 nt
513 2687 600 2722 puto,
620 2685 796 2715 Heraldus:
821 2694 880 2713 una

163 2725 295 2766 qnaestio
312 2730 370 2761 est,
386 2725 442 2766 οὐχ
456 2725 467 2754 ὁ
483 2726 539 2765 μὲν
553 2744 598 2749 —-
612 2727 739 2767 ἀγωνίζει
752 2738 760 2765 ;
788 2728 880 2765 Expl.

163 2780 200 2799 ex
217 2780 248 2808 p.
265 2771 319 2808 802,
336 2771 386 2799 15.
414 2770 482 2798 Non
503 2773 592 2799 atrox
615 2780 704 2809 poena
719 2771 788 2808 lege
805 2770 879 2800 defi-

162 2812 252 2848 nitur,
275 2813 329 2840 sed
351 2811 380 2840 in
398 2811 436 2852 τῇ
458 2812 578 2851 τιμήσει
601 2813 745 2844 mulctam
762 2814 879 2852 irroga-

163 2857 239 2884 bunt
253 2854 376 2893 judices
392 2860 530 2893 quantam
547 2856 609 2885 illis
625 2856 791 2887 videbitur.
804 2858 880 2896 (Le-

165 2908 231 2928 veni
256 2897 338 2926 illam
362 2897 492 2927 suturam
525 2898 652 2939 innuit.)
676 2902 780 2939 Quare
803 2900 880 2929 istas

164 2939 342 2980 nuga-dius,
357 2939 386 2970 iu
404 2940 500 2980 prima
517 2942 623 2973 salleni
640 2944 788 2980 oratione,
806 2943 878 2973 inis-

1562 200 1640 243 xiii

922 320 970 341 sas
984 311 1044 342 fac.
1068 311 1200 341 Omnino
1223 313 1330 342 confer
1354 313 1445 343 Dem.
1472 315 1594 354 Aphob.
1611 313 1638 345 I.

921 364 952 393 p.
965 356 1042 390 834,
1059 357 1112 385 26.
1130 355 1255 385 allatum
1271 366 1288 385 a
1304 355 1444 386 Valesio.
1459 356 1496 386 In
1508 357 1638 387 Midian.

921 408 954 439 p.
973 399 1048 432 5-1-3,
1062 400 1113 427 16.
1138 408 1273 428 scomma
1287 403 1335 428 est
1350 399 1429 438 παρὰ
1445 399 1619 438 προσδοκίαν.

966 440 1041 481 [61]
1067 443 1121 476 84,
1138 443 1190 471 93.
1214 440 1242 471 οὐ
1265 443 1389 480 κεφαλὴν
1404 442 1484 471 ἀλλὰ
1501 442 1640 482 πρόσοδον.

921 483 1030 522 Eurip.
1050 484 1168 513 Alcest.
1191 484 1219 514 οὗ
1235 483 1294 519 Βίας
1319 484 1437 520 ἀληθῶς
1454 484 1466 514 ὅ
1483 485 1540 519 ein
1557 487 1638 515 ἀλλὰ

920 527 1068 566 συμφορά.
1086 527 1182 556 Ovid.
1213 528 1271 565 Ep.
1295 528 1382 557 Med.
1399 530 1430 559 5.
1453 531 1473 545 “
1491 528 1640 567 quicquid

921 571 958 599 ab
974 570 1026 598 illo
1044 570 1182 599 Produxi
1201 570 1272 599 vitae
1283 575 1433 609 tempore,
1449 581 1539 609 poena
1550 570 1642 600 fuit.''

921 613 1040 653 (poena,
1067 623 1126 642 non
1157 611 1251 651 vita.)
1275 614 1379 643 Strato
1407 614 1551 655 Athenaei
1576 615 1639 644 IX.

920 658 996 686 58⁶2.
1014 655 1050 685 C.
1072 654 1279 696 Essiyy’a’lp'fisv’,
1296 656 1323 686 οὐ
1339 656 1486 696 μάγειξον.
1511 658 1640 687 Menan-

921 699 976 728 der
988 698 1064 727 ibid.
1083 699 1144 728 IV.
1162 699 1417 733 166.Κτήσιππος
1427 700 1473 729 οὐκ
1489 699 1639 740 ἄνθξωπος.

922 742 934 782 [
952 742 1137 771 Parechosis
1153 741 1181 770 in
1204 742 1315 772 AEscb.
1340 753 1372 782 p.
1390 745 1442 779 86,
1468 745 1518 773 18.
1542 743 1570 773 οὐ
1591 754 1640 774 κη-

921 784 1035 814 λεῖσθαι
1052 803 1094 807 -
1110 783 1180 814 ἀλλ’
1202 785 1416 826 ἀπόλλυσθαι]
1455 787 1547 816 Dem.
1580 788 1638 817 Le·

921 828 999 866 plin.
1015 830 1091 864 470,
1102 831 1154 858 14.
1171 827 1235 868 οὐχὶ
1254 830 1303 859 τὴν
1317 828 1588 860 ἀτέλειαν-ἀλλὰ
1605 829 1639 860 τὲ

921 871 1065 901 πιστεύειν
1079 872 1158 909 ἡμῖν.
1192 871 1303 901 AEseh.
1320 882 1350 912 p.
1368 875 1421 908 84,
1438 876 1467 903 4.
1482 873 1530 903 οὐκ
1545 874 1640 910 οἰκεῖς,

918 913 987 943 ἀλλ’
1003 913 1143 953 ἒξοξμεῖς.
1166 914 1288 944 Similia
1304 915 1430 954 passim.
1448 916 1538 946 Dem.
1550 917 1587 947 F.
1600 917 1636 947 L.

918 967 949 996 p.
963 959 1039 993 399,
1056 960 1108 988 23.
1126 957 1153 987 οὔ
1169 957 1278 998 χρόνους
1291 959 1373 987 ἀλλὰ
1390 960 1572 999 πςάγματα.

961 1002 1015 1036 85,
1033 1003 1086 1030 31.
1112 1001 1258 1035 Μειίὶιη,ἣ
1274 997 1348 1041 (ἶπες
1364 1000 1434 1031 Ἀθ.

962 1045 1015 1078 86,
1041 1045 1072 1072 8.
1096 1044 1245 1072 Putabam
1273 1046 1549 1083 transponendum,
1575 1046 1637 1075 Snu-

917 1087 1023 1115 πεῖσαι
1034 1085 1157 1122 δύναιτο,
1169 1087 1234 1120 τοὺς
1243 1085 1268 1115 δ’
1278 1085 1308 1116 εὖ
1317 1094 1351 1126 φ.
1365 1105 1408 1110 —-
1419 1088 1637 1128 συμβουλεύειν.

916 1129 975 1158 Sed
990 1130 1099 1159 dubito
1121 1140 1159 1159 an
1182 1130 1314 1159 voluerit
1338 1131 1509 1161 antitheton
1535 1132 1638 1162 elabo-

915 1182 994 1202 rare.
1019 1172 1099 1202 Mox
1117 1183 1184 1202 curn
1197 1172 1384 1203 Marklando
1401 1174 1544 1214 suspicor
1555 1186 1634 1214 quae-

915 1215 984 1244 dam
1002 1216 1171 1246 excidisse.

959 1260 1012 1294 87,
1022 1262 1072 1290 14.
1083 1262 1130 1289 An
1149 1259 1281 1296 excidit,
1295 1259 1364 1289 ἁλλ’
1379 1260 1575 1301 εὐτυχοῖῖντες,
1588 1264 1638 1293 vel

915 1301 1035 1331 siniile‘!
1059 1303 1251 1333 Arist.Nub.
1326 1325 1334 1334 .
1354 1305 1484 1343 Eupolis
1515 1322 1527 1328 -
1551 1323 1564 1328 -
1588 1323 1601 1329 -
1624 1325 1637 1331 -

914 1345 1013 1385 Supra
1031 1357 1062 1386 p.
1079 1347 1133 1382 72,
1147 1349 1200 1376 10.
1246 1347 1316 1376 Nisi
1345 1348 1509 1377 delendum
1538 1349 1578 1379 sit
1608 1350 1636 1380 οὐ

915 1390 1171 1429 ωαςαφξονοῦντες.
1193 1390 1253 1420 Sed
1266 1390 1351 1419 locus
1363 1395 1410 1420 est
1426 1391 1515 1421 valde
1525 1393 1638 1422 obscu-

914 1441 979 1461 ruS.
1011 1433 1089 1462 Nam
1105 1433 1130 1461 si
1144 1434 1200 1462 boc
1216 1433 1280 1463 vult
1299 1438 1414 1469 orator,
1432 1445 1486 1464 cur
1502 1445 1560 1464 non
1579 1436 1636 1465 hoc

914 1475 1023 1505 ordine
1048 1476 1153 1511 utitur,
1178 1487 1287 1515 παξακ.
1315 1476 1455 1517 aroges!
1493 1479 1573 1508 Sane
1604 1485 1638 1509 ut

915 1528 995 1547 nunc
1019 1523 1079 1548 slat
1094 1523 1212 1554 textus,
1230 1519 1386 1559 intelligas
1412 1531 1480 1550 curn
1495 1522 1637 1558 Reiskio,

913 1571 968 1590 our
979 1561 1048 1591 lnck
1060 1562 1128 1600 only
1141 1572 1228 1591 serves
1242 1568 1271 1591 to
1286 1563 1370 1592 make
1385 1573 1420 1592 us
1433 1563 1514 1593 ruah.

959 1606 1012 1639 87,
1031 1607 1080 1634 17.
1104 1604 1138 1634 τὸ
1154 1604 1286 1644 δημόσιον
1303 1611 1493 1645 suspectum,
1506 1618 1637 1647 praeser·

915 1646 968 1675 tim
993 1657 1064 1676 mox
1091 1653 1237 1686 sequente
1261 1647 1360 1686 δῆμςν.
1384 1650 1494 1679 Potius
1523 1661 1637 1690 exspe-

915 1696 1015 1719 ctares
1032 1696 1172 1729 tempora.
1207 1690 1346 1731 δαιμόνιον
1375 1692 1561 1732 cogitabam,
1581 1695 1636 1725 sed

915 1731 1076 1770 displicet.

959 1774 1034 1816 [63]
1060 1778 1179 1811 87,Ξ7.
1216 1776 1340 1813 Possis,
1366 1777 1548 1817 Δημοσθένης
1564 1791 1634 1810 στε-

914 1817 1080 1857 φανοῦσθαι,
1103 1830 1141 1849 ex
1168 1820 1208 1849 de
1232 1821 1345 1850 (ἴοι-οη.
1377 1831 1408 1860 p.
1429 1824 1505 1859 325,
1521 1827 1553 1854 4.
1578 1825 1634 1854 sed

915 1861 975 1891 ista
991 1872 1047 1891 non
1064 1868 1123 1892 tam
1137 1863 1255 1892 minute
1269 1863 1484 1895 examinanda.

959 1907 1010 1940 88,
1024 1908 1054 1936 5.
1080 1906 1180 1945 Supra
1194 1908 1249 1941 73,
1265 1908 1318 1937 33.
1333 1907 1390 1936 nisi
1409 1908 1487 1938 forte
1511 1909 1554 1940 ibi
1580 1910 1634 1940 de-

914 1948 1004 1977 lenda
1029 1949 1101 1985 sint,
1123 1948 1136 1979 ὅ
1166 1947 1193 1979 δ’
1215 1950 1470 1988 εἰσάγων-ἀλλ’
1485 1953 1513 1982 οὐ
1536 1959 1635 1993 Δημο-

913 1991 1028 2026 σθὲνης.

959 2037 1077 2071 89,31.
1100 2036 1191 2074 Fere,
1217 2035 1337 2075 opinor,
1365 2042 1397 2067 ut
1427 2049 1482 2068 nos
1513 2039 1634 2070 dicere-

914 2088 993 2114 mus,
1025 2078 1092 2108 Yon
1107 2080 1143 2109 sit
1162 2079 1219 2109 like
1241 2089 1269 2109 so
1294 2090 1386 2121 many
1401 2082 1541 2112 creditors
1562 2089 1593 2113 at
1616 2096 1635 2114 α,

914 2121 1064 2160 bankrupt
1080 2123 1219 2163 meeting‚
1231 2123 1307 2164 glad
1322 2129 1351 2153 to
1366 2124 1442 2154 walk
1457 2125 1504 2166 off
1516 2126 1589 2156 with
1605 2138 1633 2157 so

913 2164 1002 2195 much
1020 2167 1049 2194 in
1063 2165 1109 2194 the
1121 2166 1234 2204 ponnd.
1267 2167 1433 2207 Comparat
1448 2168 1570 2199 scilicet
1586 2171 1633 2199 lu-

915 2208 1025 2237 cellum
1043 2211 1123 2247 quod
1148 2220 1188 2239 ex
1209 2210 1342 2239 ecclesia
1369 2216 1399 2241 et
1416 2211 1548 2252 judiciis
1565 2224 1635 2253 per-

912 2251 1049 2290 cipiebat
1065 2253 1186 2291 vulgus,
1200 2263 1291 2292 quum
1305 2252 1422 2284 interea
1440 2265 1563 2294 pessum
1578 2257 1637 2287 iret

913 2305 1030 2324 summa
1047 2296 1237 2334 respublica,
1255 2307 1322 2326 cum
1341 2298 1452 2335 pusilla
1469 2304 1556 2337 parte
1570 2311 1634 2330 sor-

912 2337 965 2373 tis,
987 2348 1090 2377 quani,
1107 2349 1199 2377 quum
1221 2339 1401 2371 decoxisset
1423 2341 1558 2379 debitor,
1585 2354 1634 2373 re-

913 2382 1103 2420 cuperabant
1119 2382 1301 2412 creditores.

959 2423 1034 2464 [65]
1059 2427 1110 2461 90,
1129 2428 1158 2455 8.
1191 2428 1357 2463 κυνηγετῶν.
1392 2427 1506 2458 Confer
1531 2428 1633 2460 Arist.

913 2468 972 2506 Eq.
986 2478 1075 2507 prop.
1092 2469 1140 2498 fin.

957 2512 1019 2547 90,
1037 2515 1087 2542 10.
1127 2513 1202 2541 Post
1231 2511 1425 2550 διαγεγένηται
1451 2514 1635 2546 exciderunt

913 2554 1002 2593 plura
1024 2555 1063 2584 de
1088 2555 1199 2585 studiis
1217 2557 1308 2585 Dein.
1335 2562 1497 2597 postquam
1521 2569 1632 2589 exces-

913 2597 1003 2627 sisset
1022 2607 1061 2627 ex
1078 2599 1218 2637 ephebis.

957 2642 1010 2676 90,
1029 2643 1080 2670 17.
1104 2642 1182 2671 Vide
1199 2641 1248 2670 hic
1267 2652 1297 2682 p.
1316 2644 1368 2672 49.
1393 2642 1492 2677 Paulo
1518 2644 1632 2675 tolera-

913 2683 1033 2718 biliora,
1049 2683 1253 2724 δημοκρατίαν,
1270 2684 1415 2724 σωφρόνως
1429 2686 1534 2726 ὥσπερ
1543 2699 1631 2727 ‘neof-

913 2728 974 2756 ἧκεν
987 2727 1068 2767 ἄνδρα
1094 2734 1127 2766 φ.
1143 2728 1192 2757 καῖ
1219 2739 1241 2758 ν.
1273 2726 1385 2765 ἀγαθὸν,
1398 2727 1532 2767 δεόμενον.
1569 2732 1630 2761 Sed

913 2771 1091 2800 sententiam
1109 2781 1207 2800 ineam
1225 2781 1282 2800 non
1293 2776 1388 2800 muto.
1414 2772 1512 2802 Valde
1524 2773 1632 2804 dubito

913 2823 948 2842 an
967 2818 1028 2842 tuin
1045 2814 1193 2852 temporis
1215 2813 1394 2852 philosophos
1408 2815 1479 2855 (sed
1499 2816 1569 2846 ride
1591 2818 1631 2847 de

912 2861 1009 2896 φιλοσ.
1034 2857 1072 2886 ad
1090 2857 1199 2887 Reisk.
1215 2857 1284 2887 Ind.
1304 2857 1469 2897 Dem.)i1a
1491 2859 1632 2891 laudatu-

913 2909 964 2930 rus
981 2904 1064 2930 esset
1076 2900 1186 2941 aliquis
1203 2901 1418 2940 apudjudiees
1431 2912 1446 2931 e
1463 2902 1564 2942 plebe.

1270 2985 1352 3027 Aug.
1372 2989 1424 3023 ⁴21,
1449 2990 1540 3020 1824.
