1982 3340
305 219 332 245 x
683 201 718 244 Ι.
753 202 788 245 1.
822 202 875 244 R.
909 202 994 244 AD
1035 199 1371 244 AESOHINEM

307 310 404 348 dum
425 309 618 348 AEschinis
638 309 713 348 mei
734 310 914 349 volumen
934 308 1152 348 amandavi.
1202 309 1352 347 Contra
1371 306 1657 352 annotationes,
1679 318 1777 356 quas

308 372 452 424 Taylor
472 372 520 412 ad
542 372 692 411 calcem
714 372 900 410 orationis
928 371 1121 421 cujusque
1143 371 1394 421 relegaverat,
1419 369 1494 420 ipsi
1514 374 1620 407 texto
1648 368 1778 407 statim

307 435 483 485 subjeci;
514 434 621 486 quod
649 441 688 472 et
720 434 962 472 commodius
996 433 1168 472 futurum
1202 432 1416 470 lectoribus
1443 437 1484 469 et
1516 430 1623 469 factu
1653 429 1778 481 magis

308 496 569 535 necessarium
597 496 790 543 videbam,
822 501 862 533 et
892 508 913 533 a
938 495 1133 533 nonnullis
1159 493 1338 545 flagitari.
1397 492 1613 538 Interdum,
1642 504 1779 542 quam-

308 572 424 609 quam
447 558 653 603 rarissime,
677 558 874 596 auctiores
893 557 987 595 dedi
1013 557 1256 608 Tayloranas
1277 556 1565 600 annotationes,
1589 559 1632 592 ut
1652 554 1778 604 Epist.

305 623 332 666 ζ.
360 621 425 659 ubi
446 622 575 672 Toupi
594 620 819 658 observatio
840 633 861 658 e
881 620 1059 671 lupanari
1080 619 1205 670 petita
1224 619 1341 669 vulgo
1361 631 1438 655 non
1459 622 1634 668 prostat;
1662 615 1779 665 digna

309 682 374 719 illo
396 682 565 728 homine,
589 682 656 732 qui
672 681 777 719 nulla
794 681 843 719 de
864 694 904 719 re
921 681 1095 731 disputat
1116 680 1288 725 doctius,
1310 692 1426 730 quam
1442 679 1491 717 de
1513 678 1663 716 scortis.
1708 677 1781 715 La-

310 744 428 782 tinam
450 744 828 794 interpretationem,
849 743 925 782 mei
947 743 979 780 si
1001 756 1062 781 res
1078 742 1218 780 fuisset
1230 741 1395 787 arbitrii,
1416 741 1532 791 plane
1550 739 1779 777 omisissem.

312 806 574 844 Decreveram
595 805 811 856 aliquando
838 818 933 843 meae
961 804 1051 842 huic
1078 804 1240 842 editioni
1266 816 1429 854 operum
1458 802 1655 840 AEschinis
1682 813 1783 851 opu-

310 867 465 905 sculum
490 867 648 914 addere,
672 868 779 918 quod
811 881 898 905 cum
920 881 940 905 e
961 866 1117 905 schedis
1144 865 1371 918 Tayloranis
1403 864 1680 902 intellexissem
1705 863 1784 901 ine-

309 929 435 967 ditum
454 929 491 966 in
511 929 750 967 bibliotheca
767 929 946 967 Leidensi
963 928 1167 978 asservari,
1188 927 1280 965 dedi
1303 927 1508 978 superbae
1529 939 1568 964 re
1589 926 1717 964 literas
1731 924 1779 962 ad

315 991 653 1042 Wyttebachium,
688 992 820 1030 Leidae
850 1005 954 1030 nunc
984 995 1306 1040 commorantem,
1337 988 1415 1035 ubi,
1442 989 1480 1026 id
1515 988 1622 1039 quod
1648 987 1781 1033 audio,

312 1053 512 1092 Plutarchi
531 1054 663 1092 libello
685 1053 734 1092 de
756 1067 840 1092 sera
858 1054 1026 1092 numinis
1046 1052 1221 1091 vindicta
1240 1050 1396 1089 edendo
1416 1050 1485 1089 dat
1497 1063 1668 1100 operam.
1699 1049 1785 1087 Sci-

311 1115 417 1163 licet,
439 1123 518 1154 tum
540 1116 716 1155 nondum
738 1115 952 1154 incideram
979 1116 1019 1153 in
1046 1114 1163 1153 alium
1190 1114 1319 1152 locum
1347 1112 1580 1151 schedarum
1606 1111 1780 1162 Taylori,

312 1177 381 1215 ubi
412 1179 599 1216 Meletam
635 1192 718 1217 eam
753 1192 839 1217 esse
873 1178 1129 1216 Libanianam
1163 1175 1362 1221 admonet,
1394 1174 1542 1212 dudum
1569 1173 1722 1211 editam*
1745 1173 1784 1210 in

314 1240 469 1279 Libanii
497 1242 695 1293 operibus,
728 1243 774 1280 T.
802 1243 834 1281 Ι.
863 1255 901 1293 p.
923 1245 1016 1279 131.
1045 1254 1121 1290 qua
1158 1239 1363 1277 AEschines
1393 1251 1482 1276 cum
1514 1236 1784 1275 Demosthene

313 1302 528 1343 confertur.
559 1305 599 1343 id
622 1305 729 1356 quod
751 1304 1006 1355 postmodum
1031 1301 1333 1353 Wyttebachius
1356 1314 1514 1351 quoque
1542 1312 1602 1337 me
1633 1299 1786 1345 docuit,

306 1365 464 1415 juvenis
493 1366 649 1413 doctus,
682 1367 746 1405 cni
776 1366 992 1417 Epistolam
1022 1364 1197 1403 criticam
1227 1364 1428 1408 debemus,
1460 1375 1599 1413 magna
1627 1361 1788 1412 promit-

314 1432 471 1474 tentem,
494 1434 532 1466 et
552 1428 750 1467 ,lulianum
771 1427 999 1478 aliquando,
1019 1433 1136 1477 atque
1157 1426 1411 1463 Plutarchum
1433 1424 1725 1475 philosophum,
1746 1428 1786 1461 et

312 1490 446 1528 nescio
468 1503 516 1528 an
536 1491 736 1541 Synesium
760 1503 918 1540 quoque
939 1489 1185 1527 debebimus.
1243 1486 1448 1525 Libanium
1470 1499 1564 1537 ergo
1591 1499 1681 1524 cum
1702 1485 1785 1536 ipse

313 1559 440 1590 totum
466 1552 680 1602 aliquando
702 1552 772 1589 sim
800 1551 890 1589 fatis
919 1550 1134 1588 sinentibus
1165 1548 1357 1595 editurus,
1378 1548 1512 1594 multo,
1533 1561 1648 1598 quam
1671 1549 1787 1598 vulgo

311 1614 599 1660 circumfertur,
631 1613 936 1652 emendatiorem
964 1618 1084 1663 atque
1106 1610 1422 1662 locupletiorem,
1443 1609 1566 1647 visum
1593 1609 1667 1648 fuit
1687 1622 1786 1660 opu-

311 1677 461 1714 sculum
483 1677 578 1714 illud
597 1677 686 1714 loco
707 1690 778 1714 suo
800 1688 1010 1714 reservare.
1049 1675 1110 1712 De
1128 1674 1282 1712 Graecis
1304 1674 1342 1711 in
1363 1672 1587 1711 AEschinem
1612 1672 1784 1717 scholiis,

312 1753 333 1777 a
354 1752 415 1777 me
435 1739 560 1789 primo
580 1752 685 1777 nunc
707 1738 745 1776 in
764 1739 889 1776 lucem
912 1737 1089 1788 prolatis,
1111 1736 1271 1774 seorsim
1302 1735 1383 1773 dixi
1414 1735 1453 1772 in
1482 1734 1713 1785 praefatione
1740 1735 1787 1772 iis

313 1801 527 1852 praemissa.
584 1801 754 1839 Codices
785 1800 981 1838 AEschinis
1011 1800 1163 1838 calamo
1192 1798 1340 1836 exarati
1360 1797 1427 1848 qui
1447 1798 1616 1849 Tayloro
1637 1797 1686 1835 ad
1708 1811 1788 1836 ma-

315 1876 405 1901 num
434 1862 594 1909 suerint,
625 1863 694 1913 qui
722 1861 831 1908 mihi,
859 1876 880 1900 e
910 1861 1142 1913 praefatione
1168 1859 1407 1912 intelligetur
1435 1859 1536 1898 libro
1557 1859 1787 1898 variantium

314 1925 527 1963 lectionum
560 1926 784 1976 praemissa;
817 1938 934 1975 quem
963 1924 1000 1961 in
1026 1923 1215 1969 libellum,
1241 1927 1285 1960 ut
1308 1922 1403 1961 alias
1428 1922 1572 1972 passim
1600 1921 1792 1960 annotati-

316 1988 475 2026 unculas
496 1987 546 2025 ad
568 1987 794 2026 AEschinem
817 2001 935 2033 meas,
957 2000 1044 2024 cum
1059 1987 1169 2024 locus
1189 1984 1285 2023 alius
1300 1985 1428 2022 nullus
1446 1991 1663 2035 oportunus
1680 1983 1792 2022 dare-

312 2058 389 2097 tur,
419 2051 583 2097 contuli,
611 2050 665 2088 ita
695 2053 810 2088 Omne
841 2062 1000 2100 quoque
1030 2048 1082 2095 id,
1112 2047 1220 2098 quod
1246 2047 1432 2098 epistolas
1453 2046 1649 2084 AEscbinis
1668 2046 1791 2097 perle-

314 2113 420 2164 genti
441 2113 551 2164 mihi,
567 2126 655 2151 cum
675 2125 695 2150 e
716 2112 988 2163 typographeo
1004 2112 1053 2150 ad
1076 2124 1136 2149 me
1157 2110 1385 2148 afferrentur
1400 2109 1697 2160 perlustrandas,
1718 2120 1792 2159 per

316 2176 606 2215 festinationem
640 2175 907 2213 succurrebat.
965 2173 1083 2212 Initio
1121 2172 1222 2211 enim
1262 2171 1359 2210 nihil
1398 2171 1610 2222 quicquam
1640 2171 1680 2209 in
1707 2171 1791 2209 illas

315 2239 502 2290 epistolas
522 2237 820 2275 annotationum
841 2236 932 2275 dare
962 2237 1224 2275 decreveram.
1246 2258 1297 2264 -—
1315 2235 1484 2286 Propter
1504 2234 1790 2272 multitudinem

317 2314 445 2340 rerum
467 2313 543 2338 non
562 2299 677 2338 licuit
696 2299 837 2346 omnia,
858 2299 908 2338 ad
940 2298 1163 2337 AEschinem
1187 2311 1277 2348 quae
1301 2297 1338 2334 in
1359 2302 1516 2347 promtu
1543 2303 1685 2341 essent,
1713 2309 1791 2334 uno

316 2363 510 2402 volumine
526 2362 760 2413 complecti3
789 2375 949 2400 necesse
969 2360 1044 2399 fuit
1060 2365 1291 2411 apparatum
1306 2359 1454 2411 partiri.
1484 2359 1614 2397 Primo
1631 2359 1790 2409 quidem

316 2428 355 2464 in
385 2425 595 2471 volumine,
624 2424 732 2475 quod
757 2423 842 2474 jam
867 2437 970 2462 nunc
994 2423 1132 2461 vestris
1152 2429 1210 2460 cst
1230 2422 1267 2460 in
1288 2422 1483 2469 manibus,
1504 2422 1633 2468 amici,
1654 2422 1793 2460 videtis

317 2489 402 2540 ipsi,
425 2488 518 2539 quid
539 2486 798 2533 exhibuerim,
819 2492 863 2524 ut
882 2485 1054 2524 docendi
1080 2484 1184 2523 haud
1213 2484 1310 2523 sitis.
1366 2484 1505 2522 Altero
1525 2490 1668 2530 autem,
1691 2484 1794 2522 intra

318 2564 468 2602 paucos
496 2562 647 2587 menses
674 2548 895 2599 prodituro,
925 2561 1013 2598 quae
1045 2547 1126 2585 sitis
1152 2560 1175 2584 a
1202 2560 1262 2584 me
1291 2546 1419 2591 laturi,
1447 2560 1574 2584 meum
1601 2552 1659 2584 est
1687 2558 1793 2584 nunc

319 2613 448 2651 edere.
505 2611 802 2663 Complectetur
832 2611 966 2661 itaque
995 2609 1167 2647 secunda
1195 2621 1286 2659 pars
1315 2608 1512 2647 AEschinis
1541 2608 1614 2646 mei
1634 2609 1732 2647 haec.
1754 2609 1795 2658 1)

320 2674 524 2712 varietates
546 2673 726 2712 lectionis
743 2673 881 2711 AEsch.
904 2673 943 2710 in
963 2672 1178 2710 orationem
1198 2684 1277 2709 sec.
1298 2677 1338 2709 et
1357 2672 1525 2710 tertiam.
1555 2672 1603 2718 2)
1624 2671 1794 2709 indicem

321 2735 550 2774 Graecitatis
573 2736 807 2782 AEschineae,
833 2735 882 2772 ad
908 2734 1067 2786 paginas
1094 2739 1135 2772 et
1160 2747 1296 2771 versus
1321 2733 1568 2783 Stephanicae
1595 2746 1796 2784 compara-

321 2804 427 2843 tum;
460 2797 649 2847 quiajam
670 2799 719 2837 A.
736 2802 857 2839 1767.
879 2811 901 2835 a
917 2810 976 2835 me
993 2796 1196 2835 confectus
1213 2802 1285 2834 est.
1333 2795 1392 2833 Eo
1413 2796 1452 2833 in
1472 2795 1603 2834 indice
1623 2795 1794 2834 vocabu-

321 2861 447 2898 lorum
464 2866 596 2910 ,atque
625 2861 802 2899 locorum
820 2858 1085 2898 difficiliorum
1107 2859 1318 2897 sententias
1348 2858 1509 2896 modulo
1539 2871 1624 2896 meo
1645 2858 1794 2896 Latinis

319 2922 449 2961 verbis
487 2923 665 2972 exposui.
723 2923 918 2973 Copiosus
956 2928 995 2959 et
1032 2920 1255 2962 fructuosus
1294 2927 1376 2966 est;
1407 2927 1447 2958 et
1491 2919 1685 2971 ejusmodi
1722 2920 1796 2958 erit

322 2998 480 3036 quoque
503 2984 847 3031 Demosthenicus,
869 2998 956 3023 cum
979 2983 1178 3034 prodierit.
1215 2984 1292 3022 Sed
1310 2983 1410 3022 ultra
1427 2983 1621 3021 orationes
1642 2981 1793 3021 AEschi-
