1916 3340
321 196 430 245 348

317 295 494 337 ἐνεπέσομεν
510 296 686 326 mutandum
708 301 843 333 censeat,
866 297 964 327 fateor
984 306 1033 326 me

317 351 378 370 non
394 339 582 379 perspicere.
628 341 688 370 Sed
705 350 787 380 saepe
803 340 865 370 ruit
876 340 1034 379 ingenium

316 383 481 413 humanum
500 383 547 413 vel
564 384 594 413 in
616 384 815 424 planissimis,
836 383 919 413 idem
938 384 970 413 in
986 394 1034 414 ar-

317 426 387 456 duis
403 437 467 456 rem
481 427 626 466 praeclare
643 438 762 467 gerens.

363 470 440 500 ibid.
461 481 488 500 v.
508 473 558 501 15.
575 470 815 511 πολιτευθέντες]
840 469 963 500 Pendet
976 470 1034 499 hoc

318 513 512 549 vocabulum,
527 514 626 544 fulcro
643 525 759 545 carens,
806 513 911 543 Nolim
934 517 1034 543 tamen

317 556 391 585 ideo
412 557 568 596 Scaligero
592 559 760 594 acccdere3
790 557 910 587 habebo
931 556 1035 596 potius

317 609 375 638 pro
392 601 596 638 anacolutho;
618 602 719 640 qualia
743 600 916 631 oratoribus
941 601 1036 630 multa

318 643 481 678 excidunt,
514 646 593 673 ultra
623 645 747 674 modum
779 654 921 683 pneuma,
953 644 1033 683 quod

316 686 462 716 rhetorici
477 692 635 726 usurpant,
652 687 906 726 producentibus-

360 729 437 759 ibid.
453 741 481 759 v.
500 733 551 760 ΩΟ.
569 730 736 770 ἀναφθέντος
749 732 799 761 τοῦ
817 729 920 770 δήμου]
933 730 1034 759 Voca-

317 772 383 801 buli
399 772 566 812 ἀναφθέντος
582 778 614 802 ut
631 775 721 812 paulo
744 774 928 803 insolentius
944 783 1034 802 usur-

316 816 381 854 pati
396 817 538 845 duritiem
552 816 692 846 molliunt
707 817 813 846 addita
827 817 874 845 καὶ
891 816 987 846 «πάλιν
1003 815 1035 854 ἐξ

314 859 405 899 ἀρχῆς
418 858 594 899 ἰσχύσαντος
605 860 693 897 quasi
706 870 761 899 per
774 859 1035 897 superenarratio-

315 911 397 930 nem.
442 902 520 930 Cum
541 903 676 941 populus
691 907 754 932 tum
770 901 920 940 temporis
937 911 1034 939 eaque

313 944 429 973 ratione
448 944 543 974 veluti
559 945 694 975 scintilla
708 957 726 976 e
741 945 844 975 cinere
860 949 913 974 aut
927 943 1035 974 fomite

310 987 519 1018 revivisceret
533 998 694 1027 oppressa.

356 1030 433 1060 ibid.
457 1041 488 1060 v.
511 1036 653 1070 antepen.
678 1030 903 1072 παρέγγραπτοι
923 1039 1036 1069 γεγενη-

312 1071 390 1111 μένοι
407 1073 544 1114 πολῖται]
576 1074 666 1104 Facti
689 1075 774 1105 cives
790 1074 968 1115 (civitatis
956 1073 1034 1113 Juri-

315 1117 371 1146 bus
383 1117 493 1157 potiti)
506 1118 551 1148 διαὶ
563 1117 597 1148 τὸ
610 1117 879 1160 παρεγγεγράφὲαι,
894 1121 1035 1156 propter-

313 1169 350 1189 ea
365 1161 448 1199 quod
469 1161 549 1191 clam
574 1171 592 1191 a
609 1163 716 1201 paucis
734 1161 917 1200 quibusdam
939 1161 1034 1191 nebu-

312 1203 447 1240 lonibus,
463 1204 522 1235 hoc
539 1206 704 1244 potestatis
719 1204 891 1244 illegitimae
908 1203 966 1234 sibi
983 1214 1034 1234 su-

312 1247 479 1283 mentibus,
501 1248 601 1278 inscio
621 1254 652 1279 et
674 1248 774 1279 invito
796 1247 923 1288 populu,
942 1246 974 1276 in
990 1247 1035 1277 al-

313 1289 388 1320 bum
401 1290 538 1322 civitatis
554 1291 658 1323 furtim
673 1291 788 1331 ingesti
803 1295 917 1321 essent.

355 1343 388 1372 p.
410 1334 483 1365 153.
506 1346 535 1364 V
557 1338 587 1366 4.
611 1332 818 1376 συκοφαντίας]
849 1335 927 1364 Post
951 1344 1033 1363 συκο-

312 1374 435 1414 φαντίας
449 1378 593 1408 videtur-⁵
587 1377 660 1413 ὄντες
676 1380 794 1409 deesse.

354 1420 432 1450 ibid.
448 1421 540 1462 ἡμῶν]
566 1422 637 1452 Non
655 1422 744 1452 male.
771 1421 906 1450 dixisset
932 1423 1034 1450 tamen

309 1461 411 1491 alius‘
403 1464 481 1502 ημῖν.

354 1505 429 1535 ibid.
454 1517 481 1536 ν.
504 1510 534 1538 8.
556 1518 615 1540 τοις
634 1505 798 1548 πολεμίοις]
822 1507 907 1536 Bene
927 1506 1032 1535 habet.

312 1549 505 1588 Conjecturoe
519 1550 656 1588 Taylori,
669 1561 737 1589 quae
750 1549 866 1579 dudum
874 1552 943 1578 ante
957 1549 1032 1577 Bro-

311 1592 372 1621 daei
389 1603 511 1631 quoque
528 1593 596 1629 fuit,
613 1593 678 1622 haec
696 1593 830 1627 obstant,
848 1591 884 1629 1)
896 1591 990 1629 quod,
1006 1591 1034 1620 si

311 1640 415 1664 orator
431 1637 491 1670 τοῖς
506 1635 646 1675 πολέμοις
661 1635 754 1670 dixit,
768 1638 947 1672 exspectes,
963 1643 1033 1663 eum

311 1679 367 1711 ’τὰς
381 1678 483 1718 sigmate
503 1689 625 1717 quoque
643 1678 797 1708 dicturum
819 1677 924 1705 fuisse.
971 1675 1033 1704 Sed

311 1721 440 1760 pluralis
461 1723 549 1761 hujus
573 1722 718 1751 vocabuli
738 1720 820 1760 signam
841 1720 878 1748 ab
901 1727 959 1747 usu
980 1718 1033 1746 ab-

311 1765 426 1795 horret.
443 1764 480 1804 Q)
507 1764 605 1795 dictio
621 1765 681 1797 τοῖς
695 1775 746 1797 της
766 1760 874 1795 πολέως
889 1758 1034 1809 ’πολέμοις

312 1806 555 1847 συναγωνίζεπθαι
578 1816 707 1845 prorsus
731 1805 915 1835 contrarium
940 1803 968 1832 ei
994 1803 1033 1833 si-

312 1850 450 1889 gnificat,
466 1850 548 1889 quod
566 1854 597 1879 et
614 1848 765 1879 sententia
779 1847 840 1877 loci
855 1845 991 1885 subjicit,
1003 1850 1035 1875 et

311 1893 366 1923 isti
393 1895 608 1924 emendatores
632 1892 746 1922 volunt.
771 1900 858 1929 opera
880 1900 933 1920 sua
960 1889 1035 1918 bella

311 1938 385 1976 reip.
401 1942 574 1973 sustentare,
585 1935 739 1974 significat
753 1935 815 1965 isla
830 1934 937 1963 dictio.
960 1933 1034 1962 Sen-

312 1981 410 2010 tentia
431 1986 532 2011 autem
555 1980 703 2019 postulat.
729 1977 869 2008 Hostibus
889 1977 964 2014 veip.
979 1976 1034 2005 ad-

311 2033 411 2053 versus
422 2034 485 2054 eam
499 2029 602 2063 praesto
615 2032 679 2053 esse.
695 2032 762 2061 quae
777 2021 856 2050 inter
873 2031 906 2050 se
923 2020 1033 2049 adver-

313 2076 347 2095 sa
359 2067 459 2097 fronte
472 2071 619 2107 pugnant.
642 2065 800 2096 Posterius
813 2068 844 2093 et
855 2062 953 2093 voluit
966 2073 1033 2092 ora-

314 2114 374 2145 tor,
392 2115 423 2140 et
439 2111 564 2149 subjicit
580 2110 718 2148 vulgata,
734 2108 864 2138 alterum
879 2106 963 2136 istud
978 2116 1033 2135 no-

314 2157 417 2183 vatum
443 2153 529 2183 ducit
554 2153 593 2183 ad
614 2152 713 2191 prius,
738 2152 820 2191 quod
844 2151 881 2180 ab
903 2149 1033 2180 oratoris

313 2197 442 2227 consilio
457 2198 563 2235 reique
580 2199 688 2225 natura
703 2195 869 2247 plurimum
885 2193 989 2223 distat.

355 2240 432 2271 ibid.
446 2239 477 2280 ἐξ
490 2237 541 2282 ων]
558 2239 717 2269 Subaudi'
711 2238 794 2279 έςγων
808 2243 860 2268 aut
874 2236 1001 2278 τρόπων.

356 2283 435 2313 ibid.
458 2293 489 2313 v.
510 2286 562 2313 11.
579 2280 664 2323 εὗρεν]
689 2282 888 2313 commentus
904 2284 963 2316 est,
979 2289 1034 2309 ex-

312 2326 473 2366 cogitavit,
484 2326 621 2357 consiliis
632 2330 662 2355 et
675 2324 953 2355 machinationibus
969 2322 1033 2352 suis

313 2370 454 2409 perfecit.
500 2371 581 2400 Nam
605 2368 632 2400 si
658 2369 840 2407 impetrandi
865 2376 959 2397 sensu
983 2365 1034 2396 hic

313 2418 493 2466 usurpatum
517 2415 611 2448 esset,
633 2411 790 2450 legeretur
809 2410 914 2449 potius
936 2408 1035 2448 εὔξατο

314 2457 363 2487 vel
380 2455 483 2496 effigere.
520 2457 605 2486 Bene
625 2454 719 2485 habet
735 2454 829 2484 dictio
845 2453 941 2494 εἰρήνην
954 2452 1036 2491 αὐτῷ’

313 2499 527 2541 συμφέρουσαν,
547 2508 654 2538 pacem
678 2508 756 2533 eam,
780 2508 847 2536 quae
871 2495 1034 2535 expediret

314 2542 389 2583 ipsi,
406 2545 559 2582 rebusque
576 2547 607 2572 et
621 2541 793 2571 rationibus
810 2540 873 2570 suis
890 2538 1034 2569 conveni-

313 2591 371 2616 ret.
402 2588 516 2621 Nemo,
529 2585 582 2624 qui
597 2584 722 2624 quidem
736 2588 850 2623 potest,
866 2593 974 2622 pacem
989 2582 1034 2612 sa-

315 2629 360 2660 cit
374 2629 606 2660 conditionibus
623 2627 674 2664 iis,
689 2638 757 2666 quae
772 2628 834 2657 sibi
848 2627 947 2656 minus
961 2635 1033 2656 con-

315 2672 440 2703 ducant.
485 2674 528 2703 At
544 2681 753 2711 saepenumero
774 2670 818 2707 fit,
835 2674 869 2699 ut
887 2669 936 2699 vel
953 2670 1034 2707 ejus-

314 2715 401 2746 modi
417 2725 538 2756 quoque
554 2719 657 2754 pacta,
674 2724 742 2754 quae
765 2713 852 2744 alteri
874 2712 954 2751 parti
970 2721 1033 2741 ma-

317 2759 377 2798 gis,
397 2769 488 2798 quam
512 2757 600 2789 alteri
616 2757 748 2797 prosint,
765 2758 802 2786 ab
817 2756 893 2786 illo
886 2765 967 2795 ipso,
982 2754 1035 2794 qui

318 2802 353 2831 vi
376 2802 552 2836 extorserit,
568 2801 734 2838 violentur,
756 2800 861 2830 oblata
876 2797 1036 2849 oportuni-

316 2849 379 2875 tate
396 2846 483 2885 plura
499 2845 590 2875 etiam
605 2843 807 2883 extorquendi
827 2843 866 2873 ab
888 2843 938 2878 iis,
960 2851 1036 2880 quo-

315 2897 382 2917 rum
397 2889 606 2919 infirmitatem
622 2897 676 2917 seu
692 2897 806 2923 rerum,
819 2896 875 2916 seu
891 2884 1037 2916 consilio-

316 2941 383 2962 rum
399 2935 585 2962 contemnat.

359 2974 437 3006 ibid.
456 2986 487 3005 v.
504 2978 555 3005 14.
577 2973 627 3003 καὶ
641 2972 687 3003 τὸν
703 2975 757 3004 τῶν
773 2972 843 3004 δ’λων
857 2971 961 3013 λόγων]
985 2970 1037 3001 Sic

319 3021 365 3049 est
381 3019 411 3049 in
427 3018 499 3050 Ald.
514 3024 545 3049 et
574 3017 683 3057 steph.
698 3028 790 3058 quam
809 3016 971 3048 lectionem
990 3024 1038 3045 re-

737 203 969 247 REISKH
1013 201 1343 244 ANNOTATA

1068 302 1189 331 vocare,
1215 294 1247 324 ln
1271 297 1403 325 vetusta>
1428 293 1617 336 primigeniae
1641 296 1782 328 lectionis

1067 337 1301 374 incertitudine,
1312 337 1500 369 tutissimum
1516 339 1588 370 mihi
1600 339 1699 370 visum
1714 341 1781 370 fuit.

1069 382 1218 421 Suspicor
1233 382 1403 412 lacunulam
1429 382 1479 413 hio
1494 384 1631 419 subesse,
1647 383 1692 413 sic
1707 394 1782 424 quo-

1068 425 1230 455 dammodo
1261 425 1461 456 sarciendam.
1487 425 1534 457 τᾶν
1549 427 1604 456 τῶν
1618 425 1715 464 λόγων,
1734 426 1782 455 καὶ

1068 467 1127 497 οὐδὲ
1142 468 1247 498 τούτων
1262 467 1341 505 δ’λων,
1355 468 1440 509 κύςιον
1455 479 1535 504 eum,
1551 471 1638 508 cujus
1653 469 1684 498 in
1695 473 1782 507 pote-

1070 514 1148 541 state
1163 513 1269 547 verba,
1291 516 1322 542 et
1341 522 1379 541 ne
1403 512 1457 542 illa
1479 513 1604 552 quidem
1619 512 1721 541 omnia
1735 522 1783 541 es-

1070 559 1147 584 sent.
1172 556 1244 591 Seu,
1261 565 1342 591 eum,
1353 555 1402 585 cui
1417 555 1525 586 liceret
1538 565 1659 585 causam
1672 554 1785 584 oratio-

1069 607 1106 627 ne
1124 608 1225 637 agere,
1242 604 1273 628 et
1286 608 1324 628 ne
1338 598 1391 627 illa
1405 598 1532 638 quidem
1546 598 1704 628 arbitraria
1719 598 1784 627 nul-

1068 641 1167 680 lisque
1184 641 1321 672 terminis
1337 641 1576 681 circumscripta.
1621 641 1694 671 Fuit
1708 651 1784 679 quo-

1070 694 1129 723 que
1145 695 1214 714 cum
1236 685 1410 723 suspicarer
1431 685 1462 715 in
1484 684 1553 715 ὅλων
1570 685 1664 715 latere
1687 682 1785 722 ὀλίγων

1069 733 1121 757 aut
1138 726 1238 766 ἑώλων,
1251 733 1303 758 aut
1319 727 1419 765 ψιλῶν.
1430 739 1498 768 quae
1511 728 1611 758 omnia
1621 727 1694 757 satis
1709 727 1785 756 bene

1069 772 1230 800 sententiae
1243 772 1436 801 conveniunt.
1450 772 1597 801 arbitrum
1611 780 1786 810 paucorum,

1069 812 1329 854 autfrigidorum,
1339 815 1368 844 h.
1379 826 1406 844 e.
1418 814 1562 850 inanium,
1573 813 1785 848 inefficacium,

1069 857 1101 886 vi
1122 858 1252 896 cogendi
1268 861 1298 886 et
1322 858 1513 896 exsequendi
1535 856 1714 891 carentium,
1736 861 1788 885 aut

1068 899 1200 938 denique
1222 900 1370 930 nudorum
1386 900 1435 929 vel
1450 910 1602 930 merorum
1624 900 1787 930 verborum.

1069 941 1180 973 Utrum
1197 943 1302 972 horum
1317 942 1425 973 lectori
1439 943 1602 982 judicique
1618 952 1697 978 meo,
1720 941 1787 981 qui-

1069 995 1190 1024 cunque
1208 985 1279 1021 erit,
1292 985 1497 1021 arridebit,id
1513 986 1572 1015 sibi
1588 985 1709 1015 habeto.
1732 985 1788 1015 Ju-

1068 1032 1122 1058 vat
1132 1027 1230 1057 adhuc
1243 1028 1418 1063 admonere,
1429 1028 1610 1058 vocabulum
1626 1027 1696 1058 δ’λοον
1707 1038 1725 1058 a
1737 1037 1788 1057 co-

1068 1070 1192 1101 dicibus
1208 1071 1377 1101 Harleiano
1395 1075 1427 1101 et
1442 1071 1609 1101 Meadiano
1626 1071 1715 1111 plane
1736 1071 1790 1100 ab·

1070 1125 1150 1144 esse.
1167 1114 1199 1144 id
1215 1115 1297 1154 quod
1313 1114 1395 1145 haud
1414 1114 1521 1151 miror,
1544 1113 1598 1154 qui
1619 1124 1704 1154 saepe
1725 1114 1790 1143 ani-

1067 1158 1287 1188 madverterim
1308 1158 1461 1190 vocabula
1484 1159 1551 1188 haec
1570 1159 1633 1188 duo
1654 1155 1735 1196 λόγος
1758 1161 1790 1187 et

1067 1199 1129 1236 δ’λος
1145 1211 1162 1230 a
1179 1201 1313 1232 librariis
1328 1201 1450 1232 Graecis
1465 1201 1644 1241 permutari.

1111 1245 1138 1284 ᾧ.
1153 1243 1189 1274 νὲ.
1204 1256 1236 1285 p.
1254 1245 1329 1277 154.
1345 1255 1377 1276 v.
1395 1245 1427 1275 5.
1443 1245 1560 1286 αὐτοὺς]
1585 1244 1638 1274 Sic
1650 1242 1723 1274 dedi
1740 1253 1788 1274 se-

1068 1288 1202 1319 cundum
1214 1289 1476 1328 Chrysococcam.
1507 1289 1544 1318 In
1560 1286 1684 1323 Aldina,
1699 1296 1789 1326 quam

1069 1331 1243 1370 Stephanus
1283 1336 1407 1362 seculus
1445 1334 1504 1367 est,
1539 1330 1655 1370 legitur
1691 1329 1791 1359 αὐτοῦ.

1067 1374 1158 1404 Wolf
1169 1375 1208 1404 de
1221 1385 1276 1405 suo
1292 1384 1362 1404 cum
1377 1373 1517 1404 dedisset
1529 1374 1617 1409 αὐτὰ,
1633 1372 1746 1412 Taylor
1758 1372 1791 1402 id

1067 1427 1124 1456 pro
1145 1427 1230 1446 more
1252 1427 1308 1446 suo
1325 1417 1472 1446 reddidit.
1517 1416 1581 1445 Sed
1597 1420 1724 1455 praestat
1738 1415 1790 1445 aia-

1067 1460 1144 1496 τοὺς,
1160 1459 1244 1498 quod
1259 1469 1328 1488 cum
1343 1459 1448 1489 liberis
1464 1462 1594 1497 patrem,
1610 1459 1719 1487 fratres
1735 1458 1791 1487 AE-

1066 1502 1246 1541 schinisque
1255 1506 1286 1531 et
1296 1501 1416 1538 uxoris,
1428 1501 1593 1541 o'mnesque
1600 1500 1792 1531 necessarios

1067 1542 1293 1583 complectitur.

1109 1588 1136 1628 §.
1161 1586 1213 1622 νς·’.
1235 1597 1266 1626 p.
1293 1587 1367 1618 154
1390 1598 1421 1617 v.
1445 1589 1475 1618 9.
1501 1586 1585 1628 εῖναι]
1617 1585 1790 1617 Revocavi.

1066 1630 1155 1660 Unus
1169 1630 1265 1661 Wolf
1277 1630 1316 1660 de
1332 1640 1389 1659 suo
1403 1626 1445 1659 οὖν
1460 1634 1680 1669 supposuerat;
1706 1630 1788 1669 quod

1066 1673 1285 1703 Marklandum
1298 1671 1437 1721 decepit,
1449 1677 1482 1702 ut
1494 1677 1657 1703 conaretur
1666 1672 1789 1703 AEschi-

1067 1724 1137 1743 nem
1163 1715 1332 1754 corrigere,
1349 1715 1486 1751 nescius,
1511 1726 1572 1745 non
1598 1715 1787 1750 AEschinem,

1068 1757 1125 1787 sed
1136 1757 1290 1788 Wolfium
1306 1758 1365 1788 sibi
1383 1758 1539 1797 vapulare.
1556 1759 1640 1798 quod
1655 1758 1702 1788 illi
1717 1768 1789 1798 pas-

1069 1800 1126 1830 sim
1149 1800 1289 1830 locorum
1314 1799 1447 1840 aliisque
1472 1801 1616 1841 contigit,
1635 1805 1789 1832 correcto-

1067 1853 1135 1873 rum
1160 1854 1280 1873 errores
1302 1844 1371 1873 aliis
1392 1844 1456 1873 suis
1479 1845 1674 1884 augentibus,
1695 1854 1789 1884 quum

1069 1890 1121 1916 aut
1136 1886 1288 1923 nesciunt,
1308 1891 1361 1916 aut
1377 1886 1532 1925 inspicere
1547 1898 1606 1917 non
1622 1888 1789 1918 meminere

1068 1932 1260 1960 vetustarum
1281 1930 1452 1960 editionum
1469 1930 1628 1960 lectiones.

1110 1973 1188 2002 ibid.
1208 1983 1239 2003 v.
1262 1975 1315 2003 11.
1337 1972 1504 2012 λογογράφῳ
1525 1973 1574 2002 καὶ
1596 1971 1684 2004 σκύθη
1709 1972 1789 2013 κακῷ

1067 2014 1140 2057 ὄντι]
1167 2016 1279 2053 Servo,
1299 2016 1445 2056 quoniam
1460 2016 1533 2045 libri
1551 2016 1597 2046 sic
1613 2007 1788 2056 perhibent.

1067 2060 1188 2089 mallem
1203 2064 1305 2090 tamen
1321 2060 1366 2089 sio
1382 2058 1446 2099 legi
1457 2070 1499 2099 τῳ
1511 2060 1677 2100 λογογράφῳ
1690 2057 1791 2111 σκύθῃ,

1068 2103 1115 2132 καὶ
1131 2102 1212 2143 κακῷ
1234 2101 1300 2132 όντι.
1324 2102 1357 2133 id
1379 2106 1426 2132 est
1447 2102 1497 2132 καὶ
1512 2104 1610 2132 ταῦτα
1626 2102 1707 2140 κακῷ
1720 2114 1790 2132 οντι.

1067 2147 1256 2186 eoozscriptori
1277 2147 1447 2176 orationum
1456 2145 1636 2186 forensium,
1653 2146 1704 2186 qui
1719 2145 1790 2186 Scy·

1068 2189 1122 2219 tha
1147 2195 1201 2225 est,
1224 2192 1304 2229 isque
1323 2188 1433 2224 malus,
1454 2189 1504 2218 vel
1525 2189 1630 2228 potius
1649 2198 1789 2230 ignavus,

1068 2232 1203 2273 imbellis.
1221 2232 1304 2262 ludit
1328 2232 1361 2263 in
1386 2232 1537 2262 vocabulo
1557 2230 1670 2267 σ-νιύΘης,
1692 2241 1790 2271 genus

1069 2275 1288 2306 Demosthenis
1305 2275 1463 2311 arrodens,
1479 2285 1600 2313 unaque
1617 2285 1688 2304 eum
1709 2275 1788 2315 Scy-

1068 2319 1163 2356 tham,
1189 2319 1247 2349 hoc
1268 2322 1329 2355 est,
1350 2328 1474 2349 servum
1497 2317 1657 2358 publicum
1681 2317 1789 2357 appel-

1068 2361 1144 2392 lans.
1178 2364 1296 2393 Notum
1308 2367 1355 2392 est
1371 2361 1500 2392 Athenis
1515 2360 1612 2391 fuisse
1627 2371 1789 2390 numerum

1069 2406 1263 2445 Scytharum,
1283 2404 1410 2444 publice
1427 2406 1587 2439 emturum,
1604 2413 1676 2434 arcu
1693 2414 1789 2433 arma·

1069 2454 1180 2486 torum,
1192 2450 1231 2479 ad
1242 2449 1438 2478 insectandos
1448 2452 1480 2477 et
1494 2447 1662 2486 capiendos
1673 2447 1789 2476 maleti-

1069 2502 1135 2528 cos,
1151 2497 1183 2522 et
1205 2492 1244 2522 ad
1264 2491 1413 2521 tumultus
1436 2491 1602 2530 populares
1617 2489 1789 2530 reprimen-

1068 2536 1137 2566 dos.
1169 2535 1214 2566 Hi
1236 2539 1322 2565 erant
1343 2533 1482 2564 homines
1506 2532 1612 2570 scaevi,
1636 2538 1789 2571 agrestes,

1068 2579 1200 2615 feroces,
1225 2576 1401 2608 truculenti.
1424 2577 1516 2607 talem
1540 2579 1626 2605 notat
1650 2575 1701 2605 hic
1727 2576 1789 2606 loci

1068 2621 1233 2652 AEschines
1254 2620 1511 2655 Demosthenem,
1533 2619 1589 2649 sed
1608 2619 1639 2648 in
1661 2619 1721 2648 hoc
1741 2618 1789 2649 di-

1068 2675 1194 2696 versum
1210 2675 1228 2694 a
1246 2664 1383 2704 Scythis,
1398 2661 1630 2693 Atheniensium
1646 2661 1711 2691 illis
1725 2671 1789 2691 ser-

1068 2708 1117 2738 vis
1137 2707 1279 2748 publicis,
1300 2707 1382 2747 quod
1399 2717 1467 2736 cum
1483 2705 1514 2735 hi
1530 2709 1635 2735 essent
1650 2714 1737 2735 acres
1755 2708 1788 2735 et

1068 2751 1209 2786 fidentes,
1224 2750 1263 2781 ad
1279 2760 1361 2780 arma
1376 2747 1535 2779 tractanda
1547 2747 1786 2787 sanguinemque

1068 2794 1256 2824 fundendum
1270 2793 1338 2830 citi,
1357 2797 1422 2823 tum
1438 2791 1664 2823 Demosthenes
1684 2790 1789 2821 mollis

1070 2842 1101 2868 et
1114 2838 1246 2877 ignavus
1262 2840 1294 2866 et
1308 2835 1444 2877 pavidus
1462 2843 1674 2873 armorumque
1689 2833 1787 2864 refor-

1069 2880 1188 2911 midans
1209 2883 1303 2910 esset.
1345 2879 1426 2910 Nam
1440 2878 1500 2909 hoc
1520 2881 1569 2908 est
1581 2876 1676 2913 anthe,
1691 2880 1745 2906 aut
1758 2876 1787 2926 si

1069 2923 1181 2960 mavis,
1190 2922 1319 2959 inutilis,
1325 2933 1363 2953 ne
1372 2921 1549 2962 sagittarius
1558 2920 1681 2960 quidem
1693 2919 1786 2959 frugi,

1071 2969 1159 3008 cujus
1175 2967 1214 2997 ad
1232 2977 1299 2997 eam
1315 2976 1439 3006 operam
1454 2968 1540 2995 esset
1553 2973 1640 2994 usus.

1112 3011 1189 3042 ibid.
1206 3021 1235 3041 v.
1250 3012 1302 3041 13.
1314 3007 1554 3051 ἀναμνησθέντες]
1567 3004 1785 3038 Aooommoda—
