1916 3340
343 198 429 240 446
460 196 807 240 VARIANTES
841 194 1178 238 LECTIONES
1212 195 1296 236 AD
1329 193 1682 237 AESCHINEM.

341 306 421 346 ὑμᾶς
442 307 520 340 τινας
543 316 573 345 y.
629 306 680 335 19.
703 304 771 344 ὑμῖν
789 304 871 343 μετὰ
890 303 939 332 τοῦ
958 303 1054 332 ταῦτα

342 349 495 390 συμφέρειν
514 359 543 378 a.
561 359 591 388 y.
613 348 713 378 Bekk.
765 350 818 377 21.
833 345 876 375 ἀεὶ
896 355 955 375 om.
976 356 1004 375 a.
1022 356 1053 385 y.

342 394 445 422 Bekk.
481 389 679 432 antep.0'z']o·av
694 391 784 420 ἱκανὴν
798 400 829 429 y.
841 388 946 419 Bekk.
984 399 1053 428 pen.

342 436 391 465 καὶ
406 447 465 466 οιη.
483 445 509 465 a.
556 435 638 465 Ibid.
655 435 733 473 ἡμᾶς
747 444 779 472 y.

386 490 418 518 p.
432 479 505 510 315.
522 480 552 509 2.
574 478 603 508 οὗ
620 476 727 519 χείρους
742 486 801 506 om.
817 485 848 514 y.
893 479 924 506 4.
939 475 1007 514 ὑμῖν
1022 485 1052 513 y.

342 524 373 553 5.
384 523 453 563 ἡμῖν
466 522 535 552 Ald.
546 522 648 552 Bekk.
688 523 718 550 6.
729 516 860 559 δισχίλιοι
872 530 900 549 a.
910 530 942 558 y.
955 519 1053 548 Bekk.

341 567 373 596 ’7.
384 566 503 596 τοσοῦτο
514 576 544 605 y.
591 568 642 595 10.
654 564 732 603 ὑμῶν
741 573 769 592 a.
814 564 865 592 12.
875 562 923 591 καὶ
936 560 1054 599 ἐγένοντο

340 607 383 650 ἐν]
407 607 574 646 εἶσεγένοντο
595 607 620 637 ἒν
641 617 669 636 a.
692 606 790 635 Bekk.
810 604 988 642 εἶσεγένοντο,
1008 615 1051 643 7?-

340 651 567 691 εἰσηγγέλλοντο,
581 661 611 690 y.
651 652 703 679 14.
716 647 776 689 δ’τι]
790 646 857 678 ὅπου
868 658 899 688 y.
940 650 989 677 17.
1002 647 1053 677 κᾶν

342 694 398 735 μὲν
412 694 496 725 ἱκανοὶ
512 705 545 735 y.
591 696 641 724 18.
655 694 697 722 τα
710 701 769 721 οῐη.
783 701 812 720 a.
822 701 853 729 y.
867 691 938 721 Ald.
952 691 1051 720 Bekk.

341 738 423 768 Ibid.
438 737 630 776 ἐλευθεξῶμεν
645 734 747 772 Bekk.
801 736 853 763 20.
870 731 1052 771 ἧσθησόμεθα

341 792 369 811 a.
385 792 414 821 y.
432 781 501 811 Ald.
519 780 618 810 Bekk.
674 778 729 807 ult.
754 775 783 806 εὖ
806 777 961 817 φρονοῦντος
979 775 1053 815 ἔργον

340 823 394 854 δεῖν
405 824 471 863 πρὸς
482 833 509 852 a.
521 823 592 852 Ald.
603 820 675 860 ’έςγον
688 821 738 849 δεῖν
748 819 930 859 εὐφρονοῦντος
942 819 1009 859 πρὸς
1020 829 1050 857 y.

383 878 413 907 p.
429 869 503 897 316.
518 869 548 897 2.
564 862 743 906 ἓπιχορηγεῖ]
760 860 935 903 ἐπιχειρεῖτε
949 862 1051 891 Bekk.

340 913 371 940 4.
384 910 467 950 δ’μοιᾶ.
482 919 515 947 γε
529 919 556 939 a.
570 918 601 948 y.
616 906 688 937 Ald.
730 905 813 935 Ibid.
826 905 967 940 πολλάκις
977 904 1051 934 νικήκ

339 965 394 988 σας
410 964 440 993 y.
458 953 558 983 Bekk.
603 953 633 980 6.
648 948 850 988 ἀντιγράφους]
871 949 1053 981 ἀντιπάλους

337 997 371 1027 in
387 1006 482 1035 marg.
499 1006 531 1034 y.
549 994 647 1025 Bekk.
693 995 724 1022 8.
745 991 843 1024 αὐτοῖς
858 1002 886 1021 a.
931 993 962 1023 9.
977 991 1051 1021 θαυ-

338 1039 456 1080 μαστὸν
471 1039 570 1069 Bekk.
613 1038 666 1066 10.
677 1034 827 1074 δυνάμενα.
841 1035 984 1074 φάσκουσι
997 1035 1052 1074 γὰρ

337 1083 393 1113 δεῖν
415 1084 494 1123 ὑμᾶς
514 1093 545 1121 y.
562 1080 666 1110 Bekk.
720 1080 772 1108 12.
789 1077 938 1118 εἶςηνεύειν]
957 1078 1052 1118 εἰρήνην

338 1126 416 1165 ι’ίγειν
430 1137 460 1165 y.
504 1125 585 1156 Ibid.
603 1121 695 1163 ἡμᾶς]
713 1122 782 1161 ὑμῖν
798 1131 825 1150 a.
871 1121 953 1151 Ibid.
967 1121 1009 1150 δεῖ
1022 1119 1050 1150 δὲ

337 1169 367 1199 οὐ
382 1171 468 1201 τοῦτο
481 1180 512 1209 y.
557 1170 610 1198 13.
623 1164 780 1207 ὄμονοητέον
793 1164 862 1203 ὑμῖν
877 1165 1052 1204 πολεμοῦσιν

338 1212 409 1254 ὑπὲρ
425 1215 480 1242 τῶν
494 1211 640 1242 Ἑλλήνων·
657 1209 708 1249 ὀμ.
725 1219 755 1247 y.
803 1209 853 1238 16.
869 1209 1052 1247 συστςατιὰς

338 1267 372 1296 y.
407 1256 461 1286 ult.
471 1258 525 1285 τῶν
534 1253 713 1294 ἐμπλήκτων
721 1262 781 1281 οιη.
794 1261 820 1281 a.
830 1261 859 1290 y.
869 1251 942 1281 Ald.
952 1251 1050 1281 Bekk.

336 1300 420 1331 Ibid.
434 1299 591 1340 νομίζωμεν
607 1308 632 1326 a.
648 1306 678 1335 y.
696 1295 794 1325 Bekk.

381 1354 414 1382 p.
431 1344 505 1373 317.
523 1345 553 1371 1.
573 1340 627 1380 μὲν
649 1349 708 1369 om.
730 1349 757 1367 a.
816 1336 900 1367 Ibid.
920 1335 1051 1366 καταλύ-

337 1397 413 1417 σατε
430 1397 457 1416 a.
509 1387 541 1415 4.
559 1385 626 1424 ἡμῖν
640 1392 672 1420 y.
724 1383 756 1411 6.
770 1381 848 1420 ἡμῶν
863 1390 894 1419 y.
947 1382 975 1410 9.
989 1378 1049 1419 μὴ]

367 1430 411 1461 ηδε
451 1450 459 1459 .

337 1442 365 1470 μ
382 1440 587 1511 ιβ’ἶρ.318.1.
597 1467 693 1507 λόγους
702 1477 767 1507 a.y.
776 1466 955 1497 Ald.Bekk.
996 1468 1047 1496 12.

335 1515 524 1556 θαυμαστῶν
536 1525 563 1543 a.
601 1509 794 1551 14.κξείττων
804 1520 835 1549 y.
870 1507 1048 1549 1ὺίᾱ.ἐφάνη

336 1576 350 1582 -
361 1575 375 1582 ·
385 1576 398 1583 -
414 1558 578 1598 ἑάλωνξοω.
594 1566 621 1586 a.
635 1556 688 1584 sed
707 1555 771 1584 haec
786 1553 867 1583 idem
882 1553 968 1582 addit
981 1557 1051 1591 post

337 1602 473 1641 γεγονέναι
490 1611 553 1630 ver.
572 1602 625 1632 20.
670 1600 721 1629 17.
735 1596 787 1637 εἰς]
804 1607 864 1626 om.
880 1606 911 1635 y.
925 1594 952 1625 δὲ
968 1596 1007 1629 εἷς
1023 1606 1051 1625 a.

338 1646 421 1676 Ibid.
434 1646 512 1685 ἡμᾶς
528 1655 555 1673 a.
600 1641 682 1672 Ibid.
699 1638 906 1671 πολιτεύεσθαι
922 1638 1049 1679 νομίζειν,

336 1688 380 1720 δ’τι
397 1700 427 1728 y.
442 1685 650 1718 πολιτεύεσθαι
666 1682 841 1724 νομίζεσθαι,
855 1681 897 1712 ὅτι
914 1692 941 1712 a.
957 1693 1051 1712 πεπο-

338 1731 492 1763 λιτεῦσθαι
510 1728 640 1771 νομίζειν,
663 1727 707 1758 ὅτι
731 1727 833 1757 Bekk.
886 1728 938 1757 21-
955 1726 1051 1767 ὥςπερ

1090 313 1150 333 om.
1161 313 1188 332 a.
1201 302 1271 332 Ald.
1283 303 1386 333 Bekk.
1431 303 1484 333 23.
1494 300 1565 336 τίνες
1574 301 1660 333 ὁποῖοι
1669 312 1701 340 y.
1712 300 1802 331 ὁποῖοί

1089 356 1160 380 τινες
1176 347 1276 376 Bekk.
1320 345 1401 375 Ibid.
1418 343 1537 383 ἐγένοντο
1551 346 1615 378 τοὺς
1629 344 1752 384 τξόωους
1765 353 1796 383 y.

1087 394 1191 428 antep.
1207 388 1353 428 γενομένων
1366 386 1479 424 ἐκείνων,
1496 389 1581 427 ἄναφ.
1598 398 1625 417 a.
1642 397 1673 426 y.
1723 397 1794 428 pen.

1087 433 1187 467 αὐτοὺς
1201 435 1256 462 τῶν
1272 430 1376 473 ἐχθροῖν
1391 429 1513 464 ἕκαστος
1528 441 1559 470 y.

1130 486 1160 515 p.
1178 477 1252 506 319.
1269 479 1297 504 1.
1321 474 1523 516 προαιρούμενοι
1542 473 1590 503 καὶ
1607 474 1753 506 παντελῶς
1769 482 1796 520 ⁸³⁸

1643 523 1691 556 ἀφ’
1724 522 1796 554 ὑμῶν

1085 570 1116 599 y.
1137 560 1235 590 Bekk.
1279 561 1311 589 7.
1333 559 1379 600 δῆ]
1405 556 1478 589 δῆθεν
1491 569 1522 598 y.
1569 561 1620 590 16.
1637 556 1704 598 παρ’
1717 557 1796 595 ὑμῶν

1086 613 1117 641 y.
1163 605 1214 633 17.
1227 602 1290 642 παρ’
1306 601 1348 636 οὓς
1364 613 1392 633 a.
1433 604 1485 631 18.
1498 599 1699 642 λοιδορουμένης
1710 600 1797 633 αὐτῆς

1085 656 1113 675 a.
1123 657 1153 685 y.
1168 647 1269 676 Bekk.
1309 647 1360 676 19.
1371 643 1514 685 ἀφικόμην
1525 655 1552 674 a.
1563 655 1592 683 y.
1604 644 1704 674 Bekk.
1743 645 1797 673 21.

1086 687 1185 718 ἑαυτοῦ
1197 700 1224 719 a.
1269 691 1321 720 22.
1331 689 1385 722 τοὶς
1399 689 1551 727 συμφοξᾶς
1562 697 1588 717 a.
1633 692 1734 725 antep.
1745 684 1795 715 πό·

1086 737 1140 767 λιν,
1155 733 1189 766 ὡς
1200 731 1269 772 γὰρ]
1286 731 1366 763 πόλιν
1376 731 1422 761 τὸν
1438 730 1465 761 δὲ
1481 730 1565 765 ὅντως
1578 729 1736 771 στέργοντα
1748 730 1796 760 τὴν

1086 773 1188 805 ἑαυτοῦ
1205 775 1286 805 πόλιν
1301 776 1336 810 ὡς
1352 775 1427 816 ποῤῥ.
1443 785 1469 805 a.
1487 785 1518 814 y.
1536 774 1635 804 Bekk.

1129 828 1161 857 p.
1179 820 1252 848 320.
1269 821 1298 849 2.
1323 819 1473 848 ταλάντων
1495 816 1563 847 δυοῖν
1586 817 1655 847 ὅσων
1676 827 1703 846 a.
1724 815 1796 845 Ald.

1087 862 1116 891 6.
1130 860 1210 900 μόνον
1225 871 1252 890 a.
1299 863 1351 890 10.
1365 861 1448 901 ἰ’σως]
1465 871 1510 900 γε.
1526 860 1592 890 εἴσω
1608 860 1638 889 ἱη
1654 869 1750 898 marg.
1764 869 1797 898 y.

1087 906 1139 933 11.
1153 902 1349 943 ἐπισταμένην
1361 914 1392 942 y.
1438 904 1489 933 13.
1506 901 1749 941 ἔπαισθανομένων
1764 912 1794 942 y.

1088 949 1138 976 14.
1161 945 1258 987 ἐ’δωκε]
1284 945 1380 975 δέδωκε
1396 956 1427 985 y.
1447 947 1547 976 Bekk.
1591 947 1642 976 15.
1662 945 1797 984 γενόμενοι

1085 988 1267 1031 ἀφῄρηνται.]
1290 989 1439 1028 γενομένων
1460 988 1590 1030 ἀνῄρηται
1612 988 1705 1018 πόλιν.
1723 999 1749 1018 a.
1766 999 1797 1027 y.

1085 1032 1233 1072 γενομένων
1246 1031 1391 1074 ἀνῄρηνται
1407 1031 1497 1063 πόλιν.
1514 1032 1586 1062 Ald.
1599 1031 1747 1071 γενομένων
1761 1029 1799 1061 αὖ

1085 1075 1227 1118 ἀφῄρηται
1244 1077 1342 1106 πάλιν.
1360 1076 1462 1106 Bekk.
1511 1074 1592 1105 Ibid.
1610 1073 1688 1112 ἔοικε,
1704 1074 1717 1106 ἢ
1732 1076 1797 1109 τοὺς

1085 1130 1116 1158 y.
1165 1121 1218 1149 16.
1235 1120 1300 1154 τοὺς
1312 1117 1343 1159 ἢ]
1361 1118 1375 1149 ἢ
1391 1119 1455 1151 τοὺς
1470 1128 1497 1148 a.
1513 1128 1544 1158 y.
1561 1118 1632 1148 Ald.
1824 1140 1828 1145 .

1132 1173 1163 1201 p.
1175 1165 1249 1194 321.
1262 1165 1291 1192 1.
1306 1159 1487 1203 χαρίσασθαι
1498 1172 1525 1192 a.
1537 1162 1640 1192 Bekk.
1684 1164 1715 1191 2.
1729 1159 1798 1190 ἀλλ’

1091 1206 1192 1236 Bekk.
1243 1207 1275 1236 3.
1295 1205 1395 1239 αὐτοὺς
1415 1216 1473 1235 om.
1492 1214 1520 1234 a.
1570 1208 1600 1236 5.
1620 1203 1797 1246 χαρίζεσθαι

1087 1250 1185 1279 Bekk.
1231 1253 1262 1281 6.
1277 1246 1413 1288 πείσαιμ’
1423 1248 1455 1279 ἓιν
1466 1248 1567 1278 Bekk.
1613 1248 1695 1278 Ibid.
1708 1248 1742 1281 ὥς
1752 1247 1795 1286 μή

1085 1303 1136 1331 μοι
1153 1303 1180 1323 a.
1196 1292 1296 1323 Bekk.
1313 1293 1356 1332 μὴ
1372 1302 1431 1321 om.
1447 1302 1478 1331 y.
1534 1293 1566 1321 7.
1580 1289 1660 1332 ὦσιν]
1679 1289 1754 1325 ὅντες
1769 1300 1797 1319 a.

1086 1336 1187 1366 Bekk.
1232 1338 1283 1365 10.
1301 1335 1521 1368 τελευτήσαντος
1540 1336 1636 1365 Bekk.
1683 1338 1735 1364 11.
1748 1333 1797 1362 καὶ

1086 1388 1145 1408 om.
1159 1389 1190 1418 y.
1236 1378 1365 1417 12.ὑμῖ’ν
1376 1390 1408 1408 τε
1421 1378 1518 1412 αὐτοῖς
1530 1388 1561 1417 y.
1603 1380 1656 1409 13.
1669 1379 1723 1406 τῶν
1735 1387 1796 1406 om.

1085 1432 1117 1461 y.
1131 1422 1204 1452 Ald.
1248 1423 1301 1451 14.
1316 1421 1501 1452 καταλύσετε
1517 1431 1546 1450 a.
1591 1423 1642 1451 16.
1659 1418 1689 1451 ’ἦν
1704 1419 1796 1449 πτόλε-

1086 1465 1145 1505 σιν]
1164 1465 1178 1495 ἦ
1193 1464 1276 1499 πόλις
1291 1475 1320 1494 a.
1334 1475 1364 1504 y.
1382 1465 1483 1494 Bekk.
1528 1463 1609 1494 Ibid.
1625 1463 1756 1505 ῖσχύσειε
1769 1473 1797 1492 a.

1086 1509 1226 1548 y.Bekk.
1235 1508 1321 1548 ἴσχυε
1332 1508 1402 1537 Ald.
1436 1514 1538 1547 antep.
1550 1506 1634 1538 πλέον
1646 1518 1678 1546 y.
1712 1506 1795 1536 lbid.

1086 1552 1163 1590 ἡμῖὶς
1177 1562 1209 1591 y.
1254 1562 1325 1590 pen.
1340 1549 1371 1592 ἢ]
1394 1550 1423 1581 ἣν
1438 1561 1468 1590 y.
1514 1551 1596 1581 Ibid.
1612 1552 1796 1590 παρακαλῶν,

1086 1593 1155 1624 ἀλλ’
1169 1595 1217 1625 οὐκ
1232 1595 1301 1625 Ald.

1087 1638 1196 1668 Bekk.

1129 1692 1160 1720 p.
1177 1684 1252 1713 322.
1267 1682 1298 1711 3.
1321 1678 1354 1710 τὸ
1374 1681 1539 1711 secundum
1564 1690 1625 1711 om.
1645 1690 1673 1710 a.
1724 1689 1796 1718 pen.

1086 1725 1165 1765 ἡμῶν
1179 1735 1206 1755 a.
1218 1735 1249 1765 y.
1263 1724 1335 1755 Ald.
1350 1725 1453 1756 Bekk.
1498 1724 1554 1755 ult.
1569 1723 1740 1766 προσέχοιτε
1756 1732 1784 1752 a.

1356 1594 1412 1625 ult.
1426 1592 1567 1635 εὐπειθὴς]
1585 1594 1706 1635 εὐτυχὴς
1723 1603 1750 1622 a.
1766 1603 1798 1632 y.

472 1949 764 1999 SCHOLIA
801 1947 894 2013 AD
933 1930 1295 1994 EPIS'TOLAS
1331 1944 1662 1993 AESCHINIS

727 2066 759 2103 E
788 2064 995 2103 CODICE
1024 2063 1072 2101 Y.
1104 2063 1422 2103 EXSCRIPTA.

384 2223 421 2254 P.
436 2225 510 2254 301.
527 2225 577 2253 10.
600 2222 737 2263 δύναμαι]
758 2221 842 2251 Κατὰ
860 2216 1045 2258 παξάλειψιν.

383 2278 415 2306 p.
429 2269 503 2297 304.
518 2267 547 2295 ’7.
565 2266 662 2295 ταῦτα
677 2267 725 2295 τὴν
740 2264 838 2305 λύραν]
854 2260 1006 2302 Παξοιμία..

383 2327 427 2332 —-
441 2313 495 2341 21.
511 2308 735 2349 συντετάχθαι]
747 2305 936 2347 ’Ἔμπςοσῧεν
951 2303 1046 2335 Θεῖναι.

383 2364 417 2392 p.
431 2354 505 2384 306.
522 2354 574 2384 13.
591 2351 810 2393 ἀπηλλάχθαι]
829 2349 884 2380 Τοῦ
900 2347 1046 2379 πολιτεύε-

342 2396 416 2427 σθαι
432 2395 565 2426 δηλονότι.

384 2450 416 2479 p.
433 2441 509 2471 310.
529 2441 579 2469 10.
595 2436 661 2477 πςός
675 2436 788 2477 αὐτοῖς]
801 2432 982 2477 ’Ἑμπροσθεν
995 2433 1046 2464 αὗ-

340 2485 407 2513 τῶν.

384 2544 424 2549 —
444 2525 499 2555 ult.
515 2523 546 2564 ἐξ
563 2523 685 2565 ἡμέρας]
701 2522 801 2561 ’Ἡγουν
816 2520 875 2562 mgb
890 2521 963 2561 μιᾶς
977 2517 1048 2560 ἦμέ-

356 2581 401 2603 ας.

341 2582 354 2610 ρ
385 2623 417 2652 p.
440 2612 515 2641 311.
540 2613 590 2642 19.
625 2608 803 2650 ἐπεβάλετο]
830 2608 932 2646 ’Ήγουν
961 2606 1049 2648 ἆρχῆν

344 2653 440 2685 ἐποίει.

384 2716 427 2721 —
443 2696 520 2727 ibid.
536 2696 660 2737 τςοχῶν]
675 2692 775 2733 ’Ἢγουν
788 2691 941 2724 κολασέων.

384 2752 416 2781 p.
434 2741 509 2771 312.
526 2744 557 2771 1.
572 2739 686 2780 ἀπορεῖ]
703 2738 737 2770 ‘O
752 2737 850 2778 Κίμων
862 2736 994 2768 δηλονότι.

385 2802 428 2807 —
443 2785 477 2812 7.
493 2783 545 2823 ὡς]
557 2781 628 2813 Ἵνα.

385 2828 423 2856 Ρ.
433 2828 509 2856 314.
524 2831 555 2857 4.
567 2824 611 2855 δ’τι
621 2827 676 2856 τῶν
690 2821 978 2863 πολιτευομένων-]
996 2829 1047 2853 Ση-

344 2868 479 2909 μείωσαι,
495 2868 538 2899 δ’τι
557 2868 601 2899 δύο
615 2866 762 2898 κολακεῖαί
775 2867 841 2897 εἶσι·
854 2866 913 2905 μία
927 2865 982 2906 μὲν
1000 2866 1049 2895 καὶ

343 2914 433 2943 εὶωλῆ
447 2912 495 2941 καὶ
511 2914 586 2942 πᾶσι
602 2912 681 2946 δήλη,
698 2909 781 2950 ἑτέρα
801 2909 829 2940 δὲ
848 2909 984 2944 σύνθετος
1000 2909 1048 2939 καὶ

340 2955 457 2986 δοκοῦσα
479 2957 521 2995 μὴ
544 2954 622 2993 εῖναι,
646 2955 723 2996 ὁμῶς
744 2952 837 2989 ἐστὶν,
852 2951 868 2996 ᾖ
884 2953 931 2983 καί
949 2960 1048 2992 Δημο-

1092 2217 1189 2252 σθένης
1200 2216 1358 2259 ἐχρήσατο.

1135 2279 1178 2284 -—
1195 2264 1247 2291 10.
1261 2261 1413 2303 περιόντος]
1432 2262 1547 2296 Σῶντος.
1562 2260 1610 2291 τᾶν
1621 2259 1799 2300 Δημοσθένην

1092 2303 1266 2335 αἰνίττεται.

1134 2366 1177 2371 -
1195 2351 1246 2377 14.
1268 2346 1331 2386 ἐμοὶ
1343 2346 1388 2387 δὲ]
1401 2346 1606 2382 Ἐλλειπτικόν,
1622 2346 1726 2377 δοκεῖτε
1741 2347 1798 2377 δ’τι.

1135 2402 1167 2431 p.
1183 2392 1257 2421 316.
1273 2394 1303 2422 9.
1320 2389 1493 2431 συλλαβεῖν]
1512 2390 1668 2422 Βοηθῆσαι.

1135 2452 1178 2457 --
1193 2445 1263 2473 pen.
1284 2432 1435 2474 διαφέςειν]
1450 2433 1549 2474 ’Ἡγουν
1560 2432 1649 2474 μηδὲν
1663 2433 1800 2474 πξοῧξγου

1093 2487 1191 2508 ποιειν.

1137 2522 1175 2551 Ρ.
1191 2522 1266 2551 318.
1281 2522 1311 2551 4.
1328 2518 1513 2561 ἀποδόμενος]
1530 2519 1683 2553 Πωλήσας.

1135 2581 1178 2587 —
1195 2566 1247 2594 20.
1261 2563 1316 2603 οὐχ
1331 2562 1429 2603 ὅπως]
1450 2564 1494 2593 Μὴ
1510 2561 1600 2603 μόνον.

1135 2625 1177 2630 --
1194 2610 1246 2639 24.
1263 2605 1295 2635 ἐκ
1306 2605 1415 2647 μέσου]
1428 2604 1527 2644 Ἠγουν
1541 2608 1593 2639 τῆς
1608 2604 1711 2647 τύχης.

1135 2668 1178 2673 -—
1195 2650 1253 2680 ult.
1270 2650 1315 2690 δὴ]
1334 2650 1494 2680 Μάλιστα.

1136 2705 1167 2733 p.
1182 2695 1257 2724 319.
1277 2696 1329 2723 10.
1347 2691 1396 2722 καὶ
1415 2692 1464 2721 οὐκ
1479 2690 1562 2733 ἔσθ’]
1581 2690 1670 2726 Λύσις
1684 2692 1733 2721 τοῦ
1750 2692 1796 2720 ἀν-

1094 2747 1292 2769 τιπιπτοντος.

1135 2797 1178 2803 —-
1193 2781 1245 2810 15.
1262 2777 1389 2818 καὶμὴν]
1405 2776 1507 2817 Ἐτέςα.
1522 2776 1614 2811 λύσις.

1135 2840 1178 2846 -
1201 2823 1257 2852 ult.
1287 2820 1409 2863 ἀμύξει]
1437 2820 1537 2860 ’Ἤγουν
1569 2818 1697 2860 ταράξει,
1725 2819 1796 2849 ἀπο-

1094 2875 1216 2898 σπασει.

1137 2920 1168 2948 p.
1182 2911 1257 2940 321.
1269 2910 1321 2938 10.
1334 2906 1574 2947 τελευτήσαντες]
1593 2905 1795 2946 Ἐπιῤῥηματι-

1093 2952 1138 2983 κόν
1150 2951 1183 2983 τὸ
1197 2951 1421 2986 τελευτήσαντες
1436 2951 1499 2982 ἀντὶ
1514 2951 1564 2981 τοῦ
1576 2950 1748 2980 τελευταῖον.
