1899 3322
457 190 789 233 LECTIONES
821 187 1061 230 AESCHIN
1068 188 1197 231 EAS.
1458 190 1542 232 405

99 293 305 335 duodecim
326 296 445 336 ferme
466 297 552 347 ejus
571 298 696 336 habeo
716 295 887 335 nondum
907 296 1012 335 edita
1031 297 1217 347 opuscula
1237 310 1284 335 ex
1306 296 1441 335 eodem
1461 298 1544 335 Au-

98 365 259 408 gustano
272 366 311 397 et
327 360 450 398 tribus
472 360 667 399 Bavaricis
682 359 790 397 libris
806 359 948 411 petita;
968 359 1149 397 Aristidis
1164 365 1288 397 autem
1307 360 1544 400 Scholiastas

97 419 280 467 ineditos,
302 428 378 460 tam
405 422 585 472 grandes,
609 428 651 460 ut
681 422 808 472 ipsum
837 434 949 472 paene
976 427 1173 459 auctorem
1200 421 1303 459 mole
1332 422 1543 467 excedant:

99 481 168 519 sed
187 489 331 532 praeter
350 483 418 520 has
439 496 563 530 curas,
590 489 632 521 ut
659 495 735 521 uno
763 483 812 521 de
839 483 1027 521 AEschine
1053 483 1206 534 loquar,
1226 483 1289 520 cui
1307 484 1368 520 vix
1390 484 1546 535 quadri-

99 551 239 583 mestre
269 552 420 597 tempus
448 546 673 597 impendere
699 546 822 596 potui,
855 552 952 596 quot
977 552 1015 583 et
1044 551 1188 596 quanta
1216 545 1344 596 reperi
1371 546 1544 596 agenda!

99 606 191 645 folia
210 621 232 645 a
251 608 358 659 prelo
379 608 537 646 madida
562 608 832 660 perlustranda
853 614 890 646 et
910 621 932 646 a
951 607 1234 659 sphalmatibus
1255 607 1547 658 typographicis

97 670 312 721 purganda,
331 672 397 721 qui
415 671 704 710 molestissimus
728 677 788 708 est
813 670 935 716 labor,
957 671 1171 721 praesertim
1196 670 1254 708 his
1275 669 1393 707 curtis
1413 669 1550 707 diebus

99 731 353 778 brumalibus,
374 732 412 770 in
430 733 516 780 ista,
536 745 623 783 quae
646 745 815 770 meorum
835 732 1034 770 oculorum
1064 737 1135 778 est,
1163 730 1386 769 infirmitate
1395 744 1405 775 ;
1438 731 1549 769 sche-

100 792 169 832 das
200 794 354 832 easdem
382 794 521 832 iterum
546 800 665 846 atque
692 795 826 832 iterum
856 792 1136 840 rescribendas,
1164 792 1271 844 quod
1305 799 1371 831 aut
1399 792 1549 844 paginae

99 861 227 893 essent
245 856 456 902 mutandae,
485 863 553 895 aut
578 856 821 895 accessiones
847 855 1075 902 inserendae,
1096 855 1252 894 codices
1277 854 1551 903 conferendos,

101 917 248 955 scholia
273 918 541 965 exscribenda,
561 919 908 957 animadversiones
926 917 1163 964 condendas,
1183 917 1432 968 praefationes
1458 917 1553 955 scri-

102 979 263 1027 bendas,
283 980 430 1019 indices
450 981 600 1019 dudum
618 981 759 1028 factos,
780 981 908 1018 denuo
929 979 1235 1031 perlustrandos.
1291 979 1398 1023 Quid
1420 979 1552 1018 multa.

101 1041 227 1080 Nemo
244 1043 390 1088 credat,
412 1055 527 1093 quam
547 1044 682 1089 multa,
701 1056 814 1093 quam
837 1042 942 1080 taedii
965 1043 1095 1093 plena,
1113 1055 1226 1093 quam
1250 1041 1397 1080 minuta
1416 1047 1455 1079 et
1476 1054 1554 1079 sor-

102 1102 194 1141 dida
222 1104 321 1143 adeo
355 1104 576 1143 devoranda
612 1105 687 1142 sint
716 1104 872 1151 editori,
901 1104 1096 1154 religioso,
1124 1103 1343 1154 famamque
1373 1115 1478 1141 suam
1513 1108 1553 1141 et

103 1163 274 1203 officium
294 1167 460 1204 muneris
479 1167 695 1217 spectanti;
728 1166 789 1204 cui
811 1172 853 1204 ut
878 1165 1136 1203 satisfacerem
1157 1165 1249 1203 nihil
1270 1164 1363 1202 mihi
1386 1164 1436 1202 ad
1458 1177 1552 1202 con-

103 1227 311 1265 tentionem
341 1229 536 1278 reliquum'
566 1228 655 1266 feci.
712 1229 904 1266 Praeterea
933 1227 1039 1265 carui
1067 1227 1198 1265 multis
1226 1226 1337 1264 bonis
1365 1225 1474 1264 libris
1503 1225 1553 1264 ad

103 1288 327 1339 hujusmodi
354 1303 433 1328 rem
462 1289 630 1329 feliciter
654 1290 843 1341 agendam
863 1288 1100 1328 necessariis.
1158 1289 1302 1326 Futuro
1321 1293 1449 1326 autem
1470 1288 1553 1327 edi-

103 1351 177 1389 tori
198 1351 272 1390 hoc
291 1352 364 1390 erit
381 1351 532 1390 facilius
552 1366 671 1399 nunc,
690 1365 807 1404 quam
834 1351 926 1388 mihi
946 1350 1032 1397 fuit,
1052 1363 1206 1401 sparsos
1228 1349 1425 1389 AEschinis
1448 1349 1555 1389 locos

103 1426 124 1450 e
153 1413 411 1463 grammaticis
439 1413 619 1465 colligere
635 1414 797 1466 (Taylor
821 1414 925 1451 enim
953 1413 1026 1451 hac
1053 1412 1092 1450 in
1125 1425 1165 1450 re
1193 1425 1328 1463 parum
1358 1412 1555 1463 profecit),

105 1475 211 1524 quod
241 1474 360 1514 editio
388 1488 472 1513 mea
497 1475 666 1527 copiosis
686 1482 804 1526 atque
824 1473 1034 1514 fructuosis
1062 1474 1248 1511 instructa
1276 1480 1333 1511 est
1361 1473 1554 1512 indicibus

106 1536 330 1575 Graecitatis
349 1536 584 1587 AEschincae,
615 1538 756 1588 quibus
773 1537 877 1588 quod
904 1536 1025 1575 addat
1053 1549 1188 1586 parum
1217 1535 1388 1581 habebit,
1413 1542 1555 1585 praeter

105 1597 253 1637 indices
269 1599 547 1638 vocabulorum
569 1599 608 1638 in
628 1600 802 1651 epistolis
818 1599 1011 1638 AEschinis
1030 1597 1328 1643 occurrentium,
1345 1596 1486 1648 quibus
1506 1611 1552 1635 ex

105 1660 276 1712 epistolis
296 1661 488 1701 vocabula
507 1661 611 1701 nulla
631 1675 760 1708 meum
777 1663 815 1700 in
834 1661 999 1700 indicem
1017 1660 1143 1699 retuli.
