1916 3340
321 206 377 247 22

365 309 420 351 ρίῳ.
435 311 490 346 75,
503 311 555 340 20.
578 309 645 343 ταῖς
661 319 693 347 γε
711 307 837 344 διανοίαις
851 308 1043 347 ᾰποέλὲψατε

365 353 404 388 εἷς
423 354 478 387 τιὶς
503 353 595 382 αὐτῶν
620 353 780 393 συμφοράς.
798 355 853 389 76,
871 357 904 383 1.
928 351 1043 393 προσέρ-

366 395 473 437 χεσθαι
499 395 538 436 τῇ
562 394 674 435 διανοίᾳ,
706 397 760 432 ire,
783 406 910 436 pergere
937 395 1042 436 aliquo

366 438 544 479 cogitando,
566 449 599 469 se
624 440 688 470 suis
713 449 782 470 cum
801 438 1040 479 cogitationibus

367 481 399 512 in
416 482 515 512 locum
532 481 664 522 aliquem
681 482 858 516 transferre,
877 484 929 516 80,
946 484 998 512 25.

324 523 584 555 διαπειλειλεῖσθαί
595 536 660 561 τινι,
676 524 877 555 interminari.
895 527 926 560 7,
940 527 968 554 1.

323 567 467 608 διάπειρα]
492 566 525 597 τὸ
536 569 670 608 ’ω’ρέἷγμα
687 569 723 601 εἰς
735 569 886 608 διάπειραν
897 567 946 597 καῖ
962 566 1041 606 λόγον

365 610 561 641 κατέστησαν.
582 613 635 647 26,
651 614 703 641 20.

322 652 494 689 διαπίπτειν,
511 653 619 690 dilabi,
636 655 668 682 in
684 663 803 684 cassum
818 652 912 688 abire,
924 663 1041 682 evane-

366 707 460 726 scere.
483 697 518 730 ὡς
540 695 573 725 τὸ
593 696 804 736 συκοφάντημα
824 714 868 718 -—
886 694 1040 726 διέπιπτεν

365 739 455 779 αὐτῷ.
473 742 526 776 33,
541 741 591 770 19.

322 782 521 818 διαπιστεύειν,
536 782 662 822 penitus
677 783 816 812 credere.
834 783 887 817 26,
909 785 962 812 40.
980 781 1038 810 δια-

363 825 504 855 πιστεύειν
513 825 564 854 τινὶ
575 827 623 856 τὴν
632 824 787 861 πολιτείαν,
803 835 936 865 prorsus,
949 825 1038 865 plane

365 868 497 908 alicujus
513 868 585 898 fidei
599 869 790 899 committere
801 869 1036 909 rempublicam.

364 912 419 946 54,
436 913 489 941 39.

320 952 586 989 διαπολιτεύεσὲαι,
602 953 736 984 diversas
752 953 783 983 in
803 953 962 994 republica
985 964 1038 996 ge-

362 997 459 1027 renda
472 1002 575 1036 partes
593 997 690 1036 sequi.
707 1000 760 1033 81,
779 997 832 1027 ult.

321 1038 522 1080 διαπορεῖσθαι.
539 1042 593 1075 3⁴2,
608 1043 662 1071 42.

318 1081 562 1124 διαπράττεσθαι]
587 1082 786 1123 διεπράττοντο
810 1081 1038 1122 ἀναγορεύεσθαι,

364 1125 483 1156 artibus
497 1136 641 1166 nequam,
651 1126 770 1161 officiis,
781 1126 890 1166 gratia,
901 1125 1037 1166 largitio-

363 1169 464 1206 nibus,
479 1168 668 1204 efficiebant,
685 1175 719 1198 ut
735 1169 860 1209 publice
876 1169 1037 1199 renuncia-

361 1218 477 1242 rentur.
494 1214 547 1248 59,
564 1215 616 1243 27.
640 1216 694 1247 71,
710 1216 762 1243 22.
788 1215 841 1247 87,
858 1214 888 1241 7.
916 1212 1037 1248 leviter,

363 1260 534 1295 utcunque,
561 1256 639 1286 dicis
655 1266 760 1292 causa,
779 1255 905 1295 defungi
931 1265 1034 1296 opere.

360 1300 415 1333 79,
433 1300 484 1327 ⁶26.
500 1300 551 1328 32.

319 1339 539 1382 διαριθμεῖσθαι,
552 1340 674 1372 delectu
684 1341 772 1382 quasi
782 1340 890 1370 habito
903 1341 1035 1371 discerni

362 1389 395 1414 et
407 1384 559 1421 distribui,
577 1384 643 1414 aliis
659 1385 690 1414 in
706 1385 785 1414 hanc
802 1389 919 1424 partem
936 1384 1036 1414 disce-

361 1427 552 1467 derejussis,
568 1427 635 1457 aliis
646 1427 677 1457 in
692 1427 788 1457 illam.
805 1429 857 1461 83,
874 1429 926 1457 32.

320 1470 455 1510 διαῤῥήδην
468 1470 674 1500 ἀποδεικνύναι.
692 1473 723 1505 1,
740 1480 811 1510 pen.
835 1472 866 1505 2,
883 1472 935 1500 19.

318 1512 484 1553 διαῤῥίπτειν
500 1514 537 1546 εἰς
549 1515 596 1543 τὴν
608 1513 660 1543 ὁδὸν
676 1514 715 1543 τοὶ
731 1513 874 1552 σκευάρια.
894 1515 924 1549 9,
941 1517 971 1544 8.

317 1555 492 1595 διίισειστος]
517 1557 698 1596 ἀστράγαλοι
714 1555 881 1586 διάσειστοι.
898 1558 928 1590 9,
940 1558 970 1586 9.

317 1597 568 1641 διασκευάζεσθαι]
586 1599 813 1639 διεσκευασμένοι
826 1598 851 1629 ἓν
863 1599 923 1633 τοῖς
930 1599 1034 1633 ὅπλοις.

362 1644 418 1678 73,
430 1644 483 1672 31.

315 1685 528 1726 διαστρεβλοῧν,
544 1685 704 1716 tormentis
725 1685 909 1721 distrahere,
925 1685 1033 1715 dilani-

361 1738 423 1759 are.
442 1730 494 1764 85,
512 1730 565 1759 38.

317 1771 465 1811 διασύρειν]
497 1771 631 1811 διασύρων
653 1773 702 1803 την
729 1769 794 1802 ὅλην
821 1770 954 1801 ἔνστασιν
983 1772 1033 1802 τοῦ

359 1816 473 1853 ἀγῶνος.
492 1818 543 1851 18,
561 1817 613 1846 35.

315 1856 563 1898 διασφάλλεσθαι]
587 1859 642 1886 τῶν
660 1855 866 1897 γεγραμμένων
881 1856 1032 1896 διεσφάλη,

358 1911 390 1930 er
408 1901 448 1930 ist
470 1911 525 1930 aus
545 1901 616 1930 dem
643 1900 807 1940 Concepte
832 1900 1028 1940 gekommen.

358 1945 412 1979 33,
427 1946 455 1973 2.
480 1943 670 1982 διασφαλῆναι
692 1945 743 1977 τῆς
767 1942 833 1983 πρὸς
853 1944 931 1983 ὑμεῖς
951 1955 1030 1984 συμ-

358 1985 486 2027 μαχίας.
499 1988 551 2022 66,
563 1989 616 2017 34.

316 2028 477 2068 διατέμνειν
488 2031 537 2059 τὴν
553 2026 707 2059 πολιτείαν.
726 2030 778 2063 85,
793 2031 847 2059 29.

315 2072 473 2102 διατιθέναι
497 2074 537 2102 τα
561 2074 634 2102 κοινὰ
656 2074 707 2106 τῆς
727 2071 853 2106 πόλεως.
869 2071 901 2109 5,
918 2074 948 2102 8.
973 2071 1031 2101 δια-

359 2114 482 2150 θέσθαι,
499 2120 716 2146 testamentum
734 2116 878 2151 scribere,
905 2116 1031 2156 quando

358 2169 420 2188 non
437 2159 537 2189 liceat.
556 2161 610 2195 56,
626 2161 679 2188 40.

316 2199 460 2241 διατρίίξειν
479 2201 548 2241 «περί
564 2213 606 2237 τι,
623 2206 764 2241 satagere
781 2201 812 2230 in
824 2210 855 2231 re
871 2201 983 2241 aliqua.
1001 2203 1032 2237 6,

358 2247 410 2275 42.
435 2244 583 2285 διατριβὰς
593 2245 641 2274 οὐκ
654 2245 768 2283 ἀφανεῖς
782 2243 925 2285 διατρίβω,
937 2245 1031 2274 vitam

359 2298 417 2327 ago
433 2298 494 2317 non
512 2289 673 2318 obscuram
690 2288 721 2317 in
738 2287 813 2318 locis
829 2287 1031 2318 clandestinis

358 2341 427 2360 cum
440 2331 615 2360 hominibus
629 2331 769 2361 sordidis.
784 2333 835 2366 17,
853 2333 904 2361 13.
926 2331 1031 2371 διατρι-

358 2371 422 2409 Calc,
450 2373 484 2407 ἃς
506 2372 577 2414 μετ’
602 2373 734 2403 ἀλλήλων
762 2372 861 2413 ζῶντες
888 2372 1030 2414 διέτριβον.

359 2419 412 2452 20,
428 2418 481 2446 35.

314 2459 458 2499 διατριβὴ]
480 2458 628 2499 διατριβὰς
654 2457 795 2489 ποιεῖσθαι
822 2458 869 2489 ἐπὶ
899 2459 1029 2498 ἰατρείου.

358 2505 388 2538 6,
406 2505 458 2534 28.
482 2501 627 2542 διατριίὲῶν
642 2501 790 2534 βελτιόνων
811 2501 978 2532 ἅπτεσθαι.
998 2506 1029 2538 8,

358 2548 411 2575 21.
435 2545 573 2586 διατριβὴ,
596 2545 691 2580 locus,
714 2545 768 2574 ubi
788 2545 915 2575 ludicris
932 2546 1028 2576 otiurn

356 2588 484 2624 fallitur,
502 2594 533 2618 et
550 2587 725 2618 sodalitium
743 2587 786 2618 ibi
804 2598 841 2617 ea
868 2589 907 2617 de
936 2599 1030 2619 causa

357 2631 572 2671 congrediens.
597 2634 627 2666 8,
648 2634 701 2662 24.
717 2633 768 2662 25,
803 2630 954 2671 διατριβὰς
982 2632 1030 2662 οὐκ

357 2675 473 2712 ἀφανεῖς
495 2672 638 2714 διατρίβω.
666 2676 716 2710 17,
737 2676 788 2704 13.
812 2674 873 2707 ἡδὺς
899 2675 959 2715 ἀνὴρ
981 2675 1031 2704 καὶ

357 2719 436 2756 παρὰ
451 2719 506 2751 τὰς
521 2717 608 2751 ἡδείας
621 2716 768 2757 διατριβὰς
781 2717 897 2755 γελοῖος.
914 2719 965 2753 17,
975 2720 1028 2748 41.

357 2759 510 2799 διατριβαὶ,
532 2760 591 2791 loci
613 2766 644 2790 et
665 2770 844 2800 congressus
867 2760 1029 2791 multorum

356 2808 388 2832 et
403 2803 589 2844 elegantium
600 2803 765 2833 hominum.
782 2804 817 2837 ὡς
832 2802 857 2833 ἐν
871 2803 1031 2844 διατριβαῖς

356 2848 483 2884 γεγονὼς,
502 2852 535 2876 ut
555 2847 648 2877 homo
669 2847 701 2876 in
718 2846 787 2876 luce
802 2846 873 2876 vitae
889 2846 981 2877 lautae
998 2852 1030 2877 et

357 2888 493 2919 liberalis
507 2890 717 2931 elegantisque
733 2890 893 2920 educatus.
909 2900 1029 2920 comme

358 2942 399 2960 un
422 2932 556 2968 homme,
583 2934 638 2974 qui
654 2933 732 2975 scait
755 2943 810 2963 son
833 2933 956 2963 monde.
976 2935 1027 2970 18,

357 2976 408 3004 35.
435 2973 591 3015 διατριίὲὰς,
618 2975 651 3010 ἃς
679 2974 751 3015 μετ’
774 2976 905 3006 ἀλλήλων
931 2975 1031 3016 ζῶντες

357 3015 498 3058 διέτριβον.
514 3021 568 3056 20,
589 3022 642 3052 35.
666 3017 869 3059 συνδιατρίβειν
895 3019 1030 3055 ἀλλήλοις

744 201 939 244 INDEX
973 199 1355 243 GRAECITATIS

1120 308 1277 348 διατριβάς.
1295 312 1348 345 21,
1369 311 1397 338 1.
1422 308 1591 346 αὗτομολεῖν
1608 307 1645 342 εἷς
1660 310 1716 342 τὰς
1734 310 1788 339 τῶν

1120 349 1265 391 ἐλευθέρων
1287 351 1443 393 διατριβάς.
1469 353 1523 386 23,
1546 354 1577 381 2.
1598 349 1714 388 γέλωτα
1739 352 1788 381 καὶ

1119 393 1258 434 διατριέήν
1278 406 1331 424 τινι
1352 392 1415 424 καθ’
1429 394 1515 424 αὑτοῦ
1530 392 1682 434 παρέχειν,
1696 394 1787 424 risum

1119 442 1152 468 et
1182 437 1339 468 materiam
1369 437 1654 468 confabulationum
1697 436 1786 466 alicui

1118 481 1158 510 de
1181 491 1213 510 se
1240 481 1387 521 praebere.
1405 482 1456 515 25,
1478 483 1507 510 1.
1532 478 1581 510 ἐπὶ
1605 478 1643 515 τῇ
1662 477 1790 520 διατρκὲᾖ

1118 525 1172 553 τῶν
1188 521 1349 563 μειρακίων,
1369 523 1401 553 in
1417 527 1499 553 coetu
1516 522 1724 563 puerulorum,
1740 521 1788 552 in-

1118 572 1163 596 ter
1178 577 1254 607 qnos
1269 571 1420 602 versatur,
1437 566 1489 606 qui
1506 575 1603 606 penes
1618 575 1688 595 eum
1705 569 1787 600 sunt,

1118 614 1152 638 ut
1166 610 1205 639 ab
1221 620 1258 639 eo
1274 609 1408 644 discant,
1422 613 1476 639 aut
1495 618 1568 638 cum
1584 619 1621 638 eo
1635 608 1785 638 confabu-

1117 652 1228 683 lentur.
1260 655 1313 689 25,
1341 655 1374 684 3.
1402 651 1543 692 διατριβαὶ
1567 650 1616 680 καὶ
1645 650 1787 680 συνήθειαι

1116 694 1190 734 μεθ’
1217 696 1294 735 ὑμῶν
1323 693 1462 735 ἐλεύθεροι.
1485 696 1539 730 31,
1558 696 1611 723 18.
1649 693 1789 734 διατριβῆν

1116 737 1255 769 πλείστην
1269 737 1422 768 ἐποιήσατο
1437 737 1501 779 πρὸς
1511 733 1575 771 τὀὺς
1585 736 1669 777 ἐμοὺς
1680 736 1788 774 λόγους,

1115 781 1148 811 in
1177 782 1395 821 respondendo
1423 782 1463 811 ad
1486 791 1585 811 meam
1612 779 1784 809 orationem

1116 830 1183 854 erat
1199 824 1438 864 copiosissimus.
1455 826 1507 859 33,
1524 824 1574 854 15.
1597 823 1714 860 ἀγεννεῖς
1728 822 1788 851 δια-

1115 867 1216 907 τριβὰς
1231 867 1313 908 ἔχειν.
1325 870 1378 903 48,
1394 870 1425 897 4.
1440 866 1579 906 διατριβαὶ
1595 865 1709 904 εὐγενεῖς
1718 875 1788 904 quae

1115 911 1186 940 sint.
1205 912 1260 947 48,
1275 912 1306 940 ὁ.
1329 909 1354 941 ἓν
1369 912 1436 944 ταῖς
1451 908 1603 949 ὑμετέραις
1625 907 1784 948 διατριβαῖς

1114 951 1247 986 βεὲίωκα.
1263 955 1318 989 52,
1329 956 1382 985 30.
1405 952 1544 992 διατριβῆν
1559 952 1571 981 ὁ
1587 951 1667 991 λόγος
1685 951 1717 980 ἄν
1733 962 1783 990 μοι

1114 997 1279 1038 ωάρεσχεν,
1289 997 1417 1026 multum
1429 997 1488 1026 hoc
1498 995 1616 1026 deloco
1629 995 1787 1034 disputare

1116 1049 1250 1079 possem,
1266 1045 1371 1080 posset
1385 1040 1435 1070 hic
1447 1040 1543 1069 oratio
1555 1048 1623 1068 mea
1640 1037 1699 1067 late
1716 1047 1788 1067 eva-

1114 1083 1190 1123 gari.
1203 1085 1256 1118 78,
1270 1085 1321 1113 38.
1341 1085 1395 1116 τὰς
1413 1082 1440 1112 ἐν
1453 1082 1512 1116 τοῖς
1528 1079 1693 1121 γυμνασίοις
1703 1081 1786 1118 μετα

1114 1128 1169 1155 τῶν
1185 1125 1316 1166 νεωτέρων
1337 1138 1396 1166 μου
1413 1124 1561 1165 διατριβὰς
1583 1122 1785 1163 καταμέμφε-

1113 1180 1175 1198 ται.
1192 1171 1245 1205 84,
1262 1172 1313 1199 40.
1343 1168 1493 1209 διατριβᾶς
1515 1165 1715 1208 Δημοσθένους
1735 1165 1783 1195 οὐκ

1113 1210 1252 1252 ἐζήλωκα.
1269 1215 1321 1248 85,
1334 1214 1365 1244 3.

1069 1255 1201 1293 διαφανὴς
1215 1254 1241 1285 ἐν
1257 1255 1365 1289 τούτοις
1377 1253 1416 1286 ἠ’ν.
1433 1256 1486 1289 50,
1503 1257 1533 1284 2.

1070 1297 1219 1338 διαφέρειν]
1242 1300 1291 1329 τὴν
1308 1297 1370 1335 ὄψιν
1387 1296 1483 1337 ἐτέρων
1503 1295 1647 1336 διαφέρων,
1668 1295 1784 1325 formo-

1113 1341 1173 1370 sior
1186 1341 1263 1371 aliis.
1278 1345 1330 1375 11.
1343 1343 1394 1370 13.
1418 1339 1596 1370 ἐκπλήττειν
1619 1339 1684 1368 τινὰ
1708 1337 1784 1367 διενε-

1111 1385 1184 1421 γκὼν
1198 1385 1300 1414 κάλλει
1314 1384 1363 1413 καὶ
1374 1384 1438 1423 ὥρᾳ,
1449 1382 1628 1423 percellere,
1642 1382 1674 1411 in
1687 1380 1787 1410 admi·

1112 1427 1261 1456 rationem
1284 1437 1392 1467 rapere
1418 1426 1524 1455 formae
1548 1425 1671 1455 decore.
1689 1426 1786 1459 19,4.

1112 1468 1275 1509 διαφέροντα
1289 1469 1355 1509 πρὸς
1371 1468 1538 1499 δικαιοσύνην
1545 1467 1595 1498 καὶ
1606 1467 1782 1507 ἐγκράτειαν.

1113 1515 1167 1547 25,
1182 1514 1235 1542 42.
1257 1512 1356 1554 ἑτέρων
1367 1514 1416 1544 τὴν
1430 1510 1493 1549 ὄψιν
1508 1509 1649 1552 διαφέρων.
1664 1512 1717 1540 76.
1729 1511 1783 1540 37.

1113 1554 1254 1594 διενεγκεῖν
1268 1557 1316 1587 τὴν
1332 1557 1442 1596 πρώτην
1462 1553 1553 1595 ψῆφον
1571 1555 1651 1584 κατὰ
1666 1554 1731 1587 τοὺς
1744 1551 1785 1582 νό-

1111 1610 1193 1637 μους.
1212 1602 1264 1634 82,
1283 1602 1334 1630 νο.

1068 1639 1238 1682 διαφεύγειν]
1272 1640 1472 1682 διαφευγούσης
1496 1640 1543 1671 ἥδη
1570 1641 1621 1673 τῆς
1644 1639 1784 1678 δημοκρα-

1111 1684 1186 1720 τίας,
1201 1686 1379 1720 dilabentis,
1392 1689 1424 1715 et
1434 1694 1451 1714 e
1465 1684 1609 1714 manibus
1621 1681 1784 1716 effluentis,

1114 1733 1206 1768 atquc
1223 1728 1437 1769 dispereuntis.
1452 1729 1504 1763 89,
1519 1729 1572 1757 20.

1067 1769 1244 1812 διαφθείρειν]
1279 1772 1421 1811 μειράκιον
1456 1769 1588 1811 ἐλεύθερον
1622 1766 1783 1808 διαφθείρειν

1110 1819 1176 1844 erat
1192 1814 1325 1845 Athenis
1341 1813 1484 1855 capitale.
1501 1816 1532 1850 7,
1552 1815 1583 1844 3.
1607 1810 1783 1851 διεφθαρμέ-

1110 1868 1151 1891 νος
1172 1859 1235 1891 τοὺς
1258 1857 1440 1897 ὀφθαλμούς.
1470 1859 1521 1893 14,
1549 1858 1600 1886 30.
1624 1852 1784 1894 διαφθείρειν

1112 1900 1276 1940 ποιίιματα,
1292 1910 1498 1940 corrumpere,
1514 1898 1698 1931 adulterare,
1722 1897 1783 1927 alia

1078 1950 1079 1953 ’
1110 1944 1252 1978 reddere,
1281 1955 1374 1984 quarn
1413 1944 1452 1973 ab
1483 1947 1610 1972 auctore
1641 1940 1782 1980 profecta

1110 1991 1206 2016 erant.
1226 1989 1278 2022 19,
1295 1990 1346 2017 120.
1371 1984 1531 2016 καλλίστην
1553 1984 1619 2024 ὥραν
1637 1982 1726 2020 ὅψεως
1747 1983 1783 2011 ἐι-

1109 2028 1280 2060 κλεὲστατα
1295 2028 1468 2069 διαφθείρας.
1485 2031 1537 2064 22,
1554 2030 1606 2059 38.
1629 2026 1702 2067 νομῇ
1710 2037 1781 2067 χρη-

1109 2073 1213 2111 μάτων
1229 2072 1274 2102 τόν
1291 2073 1375 2112 δῆμον
1394 2070 1563 2111 διαφθείρειν.
1579 2073 1632 2107 38,
1646 2073 1695 2100 10.
1729 2080 1780 2098 ση-

1110 2116 1182 2154 μεῖα
1197 2118 1251 2145 τῶν
1274 2118 1406 2158 χρηστῶν
1428 2113 1585 2154 διαφθείρει,
1602 2112 1780 2152 corrumpit,

1109 2159 1221 2189 infidas
1237 2165 1268 2190 et
1283 2163 1442 2200 suspectas
1458 2158 1561 2188 reddit
1574 2162 1673 2192 notas,
1698 2156 1783 2185 unde

1111 2202 1198 2242 probi
1210 2207 1426 2242 agnoscuntur.
1444 2203 1497 2237 67,
1510 2203 1561 2231 42.
1585 2199 1715 2232 ἐπιεικεῖς
1729 2197 1782 2237 φύ-

1110 2256 1170 2279 σεις
1178 2244 1358 2285 διαφθερεῖτε.
1376 2248 1430 2281 79,
1446 2247 1499 2276 32.

1067 2287 1274 2330 διαφυγγάνειν]
1299 2288 1496 2329 διαφυγγάνειν
1516 2285 1549 2317 ἐκ
1568 2288 1623 2316 τῶν
1643 2285 1779 2316 δικαστη-

1111 2331 1177 2370 ρίων.
1189 2332 1243 2368 55,
1260 2334 1312 2362 13.

1067 2374 1288 2414 διαφυλάσσειν]
1319 2375 1354 2410 ὡς
1370 2371 1425 2415 εῧρε
1441 2374 1489 2404 τῆν
1511 2373 1611 2404 ἑαυτοῦ
1637 2368 1779 2410 θυγατέρα

1109 2435 1152 2440 -—
1167 2419 1216 2448 την
1234 2416 1340 2448 ἡλικίαν
1361 2418 1527 2458 (pudorem
1553 2420 1585 2447 et
1606 2414 1779 2445 castitatem

1106 2460 1306 2501 virginalem)
1330 2461 1358 2490 οὐ
1373 2463 1468 2493 καλῶς
1482 2457 1702 2500 διαφυλάξασαν
1721 2455 1777 2496 μὲ-

1104 2515 1153 2545 χρι
1166 2504 1274 2543 γάμου.
1287 2507 1340 2539 26,
1349 2506 1381 2534 7.

1062 2546 1237 2587 διαχειρίζειν
1265 2549 1314 2577 τὴν
1339 2545 1443 2581 οὐσίαν,
1476 2544 1685 2576 administrare
1711 2552 1776 2572 rem

1104 2590 1298 2620 familiarem.
1318 2593 1368 2625 14,
1386 2592 1438 2620 32.
1455 2594 1487 2619 et
1504 2591 1558 2623 24,
1580 2590 1634 2618 25.
1669 2587 1777 2626 διαχει-

1105 2631 1184 2673 ρίζειν
1205 2635 1245 2663 τοὶ
1268 2632 1392 2673 δημόσια
1406 2632 1563 2673 χρήματα.
1581 2633 1634 2666 57,
1653 2631 1706 2660 33.
1729 2639 1778 2659 se-

1105 2676 1242 2706 cundum
1253 2686 1361 2717 genus,
1373 2675 1412 2705 de
1422 2675 1530 2710 tribus,
1545 2675 1776 2714 magistratuum

1106 2717 1239 2749 Athenis
1255 2719 1330 2749 facit
1342 2717 1508 2748 AEschines
1525 2728 1588 2753 eos,
1602 2717 1657 2747 ὅσοι
1671 2727 1701 2745 τι
1717 2714 1776 2744 δια-

1104 2760 1255 2802 χειρίζουσι
1269 2765 1323 2792 τῶν
1343 2763 1394 2795 τῆς
1418 2759 1526 2796 πόλεως
1547 2759 1615 2802 ὑπὲρ
1629 2759 1777 2800 τριάκοντα

1106 2804 1220 2846 ἡμέρας.
1237 2807 1290 2840 58,
1307 2806 1338 2835 3.

1063 2846 1275 2890 διαχειροτονία]
1300 2846 1510 2889 διαχειροτονίαν
1522 2845 1617 2876 διδόναι
1629 2844 1673 2883 τᾷἷ
1684 2844 1776 2882 δήμῳ,

1105 2891 1138 2921 id
1166 2891 1250 2932 quod
1274 2896 1342 2922 erat
1362 2892 1412 2921 τοῦ
1430 2889 1594 2921 ἐπιστάτου
1618 2890 1673 2917 τῶν
1697 2884 1776 2926 προέ-

1106 2934 1180 2974 δρων,
1203 2934 1255 2975 jus
1277 2940 1310 2965 et
1332 2934 1455 2975 copiam
1482 2931 1669 2973 suffragandi
1693 2931 1775 2960 dare.

1107 2978 1161 3012 59,
1175 2979 1226 3008 13.
1732 3014 1738 3020 ¹

1064 3019 1242 3061 διαχρῆσθαι
1257 3019 1367 3057 ἑαυτὸν,
1386 3019 1446 3051 sibi
1462 3028 1570 3054 manus
1586 3016 1695 3048 inferre
1711 3024 1775 3045 vro-
