1981 3322
768 192 1106 236 PRAEFATIO.
1627 195 1675 237 iii

203 304 321 343 MSS.
342 304 444 342 Bibl.
468 303 569 342 Flor.
591 304 640 341 T.
664 303 716 340 11.
738 303 814 341 col.
835 306 928 341 336.
958 302 1102 340 Aldina
1123 302 1209 341 haec
1230 302 1353 340 editio
1373 302 1507 341 nitidis
1527 301 1674 340 chartis

205 365 402 416 typisque,
433 366 566 416 quales
586 363 718 402 Aldini
747 370 848 410 sunt,
869 378 1013 402 excusa
1032 371 1105 403 est.
1162 365 1253 402 Duo
1273 364 1358 414 ejus
1379 364 1458 402 vidi
1477 365 1675 416 exempla-

203 431 272 466 ria.
330 430 520 475 Alterum,
542 427 649 478 quod
670 441 691 465 e
714 427 955 466 bibliotheca
981 427 1144 465 Paulina
1165 427 1355 478 Lipsiensi
1388 432 1525 465 mutuo
1561 441 1675 465 acce-

204 496 316 540 ptum
335 503 453 541 penes
473 503 534 527 me
555 503 679 535 servo,
701 495 741 526 et
761 489 935 534 servabo,
950 489 1077 526 donec
1100 489 1222 527 editio
1242 502 1326 527 mea
1342 494 1542 527 oratorum
1559 489 1674 526 Grae-

205 564 339 589 corum
366 551 543 589 absoluta
575 550 704 588 fuerit.
733 550 895 588 alterum
917 552 1016 589 Jena
1043 550 1092 588 ad
1120 563 1180 588 me
1201 550 1359 589 missum
1389 550 1465 589 fuit
1484 564 1505 589 e
1533 550 1675 588 biblio—

207 613 323 651 theca
351 612 610 650 universitatis
638 612 830 651 Jenensis.
888 612 1019 662 Hujus
1047 613 1278 663 exemplaris
1306 613 1430 651 oculis
1460 612 1678 664 usurpandi

206 674 440 712 desiderium
472 674 562 711 mihi
592 674 781 723 injecerat
810 674 867 712 Io.
890 673 1023 712 Gotfr.
1044 675 1313 725 Hauptmann,
1338 675 1567 725 Theologiae
1594 675 1677 712 Do-

206 742 304 780 ctor,
315 742 355 773 et
370 736 562 773 Ruthenei
578 735 685 787 apud
699 736 843 774 Geram
860 735 1119 782 Director,vir
1132 737 1286 787 egregie
1301 737 1444 790 Graece
1460 737 1677 786 Latineque

205 797 360 844 doctus,
380 811 497 848 quem
518 798 817 836 commentarios
846 797 885 835 in
914 804 1089 836 oratores
1119 800 1287 837 Graecos
1309 812 1331 837 a
1353 813 1393 837 se
1414 799 1619 838 confectos
1638 799 1679 837 iu

206 859 363 897 schedis
384 860 539 905 habere,
560 874 647 898 cum
680 860 730 897 ab
761 860 889 898 amico
921 860 1212 911 intellexissem,
1243 875 1312 912 per
1332 862 1465 901 literas
1485 875 1574 900 eum
1604 861 1678 900 hac

206 921 257 959 de
276 934 317 959 re
338 922 579 972 compellavi.
636 922 871 973 Respondit,
894 923 967 959 sibi
987 930 1144 973 paratos
1165 923 1362 973 ejusmodi
1379 923 1679 962 commentarios

207 983 313 1021 domi
343 998 443 1032 esse,
474 984 684 1022 editionem
715 991 1004 1035 exspectantes,
1037 998 1121 1022 esse
1156 998 1317 1035 quoque
1348 999 1480 1024 secum
1512 985 1679 1024 schedas

207 1045 465 1095 Antiphontis
484 1059 644 1084 excusas
666 1046 784 1097 typis,
807 1045 959 1084 initium
981 1046 1180 1096 editionis,
1197 1060 1315 1096 quam
1335 1047 1428 1084 olim
1448 1060 1586 1097 parare
1606 1060 1681 1087 coe-

207 1107 331 1157 pisset
350 1108 590 1158 Theophilus
610 1107 777 1157 Sigfried
798 1108 983 1160 Bayerus‚
1000 1108 1069 1146 sed
1089 1108 1194 1146 illam
1215 1109 1428 1147 editionem
1448 1109 1681 1160 migratione

208 1169 349 1220 ssayeri
377 1170 600 1220 Petropolin
633 1183 716 1207 esse
746 1170 1019 1221 interruptam,
1046 1177 1086 1209 et
1114 1184 1161 1209 ex
1191 1170 1256 1209 illo
1288 1178 1467 1222 tempore
1492 1171 1682 1221 jacuisse.

207 1231 375 1281 Lycurgi
395 1231 465 1269 abs
487 1245 527 1269 se
548 1231 642 1269 editi
662 1232 823 1270 adversa
845 1239 948 1271 sorte
969 1246 1008 1271 se
1029 1233 1280 1272 absterritum
1301 1233 1434 1281 fuisse,
1457 1247 1536 1285 quo
1556 1234 1683 1273 minus

210 1293 368 1331 ulterius
402 1294 645 1343 procederet.
704 1295 823 1332 Mitto
845 1295 1007 1346 reliqua.
1031 1308 1150 1333 uuum
1180 1296 1256 1334 hoc
1276 1309 1353 1334 non
1380 1309 1541 1348 possum
1574 1309 1679 1348 prae-

207 1355 338 1405 terii-e,
360 1356 467 1406 quod
493 1356 542 1394 ad
572 1357 795 1395 faciendam
819 1358 1151 1408 Hauptmanniani
1172 1364 1338 1398 conatus
1360 1360 1599 1398 mentionem
1620 1372 1680 1399 me

207 1416 423 1456 deferebat.
462 1419 644 1457 Docebat
663 1433 803 1471 nempe
825 1433 887 1458 me
908 1421 1226 1472 Hauptmzmnus,
1241 1423 1290 1461 V.
1305 1423 1351 1462 C.
1373 1436 1458 1461 esse
1479 1423 1518 1461 in
1539 1422 1681 1465 biblio-

208 1480 322 1517 theca
351 1481 507 1518 Jenensi
536 1482 754 1532 exemplum
787 1488 984 1521 oratorum
1013 1483 1246 1522 Aldinorum
1274 1484 1427 1535 plenius
1457 1485 1524 1523 illo
1557 1485 1682 1536 Lipsi-

208 1542 291 1579 ensi
312 1543 487 1581 Paulino.
545 1544 755 1594 Suspicans
774 1558 847 1595 ego
877 1545 914 1582 in
947 1545 1006 1583 his
1034 1560 1193 1597 quoque
1214 1547 1434 1585 oratoribus
1454 1547 1557 1585 idem
1577 1547 1682 1585 acci-

208 1604 327 1649 disse,
350 1605 456 1654 quod
489 1604 528 1642 in
557 1605 770 1643 Theocrito
791 1612 830 1643 et
852 1607 1119 1645 Demosthene
1150 1608 1310 1653 accidit,
1339 1614 1383 1646 ut
1409 1608 1680 1647 diversissimae

207 1671 337 1704 essent
357 1667 408 1704 ab
427 1666 567 1704 eodem
587 1667 692 1704 Aldo
714 1667 851 1705 iisdem
876 1668 988 1706 aunis
1010 1669 1202 1707 editiones
1233 1670 1445 1711 eorundem
1476 1679 1683 1710 auctorum

204 1727 389 1778 prodita),
416 1727 465 1765 ad
484 1727 727 1778 Theologum
747 1730 969 1775 Jenensem‚
993 1729 1180 1777 Hirtium,
1204 1731 1326 1770 virum
1355 1731 1681 1771 humanissimum

208 1790 360 1839 meique
389 1790 427 1827 in
458 1789 592 1839 primis
624 1790 858 1837 studiosum,
892 1791 986 1830 dedi
1020 1793 1166 1840 literas,
1195 1807 1348 1844 rogans,
1385 1801 1430 1832 ut
1460 1795 1682 1846 exemplum

206 1850 305 1888 illud
326 1851 492 1889 Jenense
513 1851 562 1889 ad
591 1865 650 1889 mc
672 1851 855 1891 mitteret.
915 1854 1053 1892 Statim
1084 1854 1300 1906 impetravi.
1358 1856 1511 1894 Nactus
1532 1856 1614 1895 vidi
1643 1856 1684 1894 in

207 1913 274 1950 illo
293 1912 449 1951 Jenensi
475 1913 655 1963 exemplo
684 1914 868 1963 colligata
896 1922 936 1952 et
964 1924 1174 1967 compacta
1194 1917 1232 1955 in
1255 1931 1372 1955 unum
1393 1918 1577 1957 volumen
1598 1932 1683 1957 esse

208 1975 325 2012 ambo
345 1975 409 2012 illa
436 1988 601 2025 corpora
623 1975 765 2014 Aldina
785 1977 1018 2015 Graecorum
1047 1984 1261 2030 oratorum,
1283 1979 1446 2018 alterum
1476 1980 1639 2027 scilicet,
1661 1993 1686 2019 a

210 2037 409 2087 Stephano
429 2050 625 2082 recusum,
648 2037 815 2076 alterum
835 2038 1091 2079 Isocrateum.
1150 2041 1241 2085 Quo
1265 2054 1348 2079 sum
1376 2042 1519 2081 certior
1539 2042 1681 2089 factm,

209 2112 354 2149 corpus
376 2106 571 2138 oratorum
601 2100 850 2147 Graecorum,
872 2100 980 2148 illud,
1004 2102 1111 2153 quod
1132 2103 1337 2142 AEschines
1365 2109 1404 2142 et
1421 2104 1558 2156 Lysias
1578 2111 1683 2143 cete-

210 2160 322 2211 rique
342 2160 508 2199 minores
526 2161 784 2209 constituunt,
802 2162 852 2200 ab
870 2162 976 2202 Aldo
995 2177 1073 2203 non
1095 2178 1191 2212 esse,
1214 2165 1287 2204 nisi
1307 2167 1438 2215 semel,
1458 2166 1620 2210 editum,

811 2303 980 2347 SECT.
1013 2304 1075 2346 II.

611 2402 677 2441 De
696 2402 865 2442 editione
888 2404 1060 2444 Henrici
1081 2404 1287 2457 Stephani.

263 2478 416 2528 Corpus
430 2479 505 2518 hoo
521 2479 706 2519 Aldinum
727 2482 884 2521 recudit
903 2484 956 2522 H.
976 2484 1198 2535 Stephanus
1216 2486 1267 2523 A.
1288 2488 1406 2525 1575.
1430 2485 1551 2532 solus,
1571 2486 1680 2536 quod

211 2542 375 2591 mireris,
390 2542 440 2580 ad
461 2543 560 2582 hanc
582 2551 736 2583 aetatem
757 2552 928 2584 nostram
949 2546 1000 2585 ab
1018 2546 1122 2584 Aldo
1142 2547 1245 2593 inde,
1261 2547 1336 2585 hoc
1357 2554 1416 2585 est
1436 2546 1537 2585 iutra
1556 2560 1680 2587 annos

211 2605 332 2644 ferme
351 2609 444 2643 260.
483 2605 560 2643 Res
581 2607 760 2657 profecto
782 2607 956 2659 indigna,
975 2608 1011 2646 in
1034 2615 1143 2648 tanto
1164 2622 1327 2647 numero
1342 2609 1507 2647 virorum
1524 2609 1680 2661 egregie

209 2668 413 2706 doctorum
436 2669 672 2720 Graecisque
692 2670 742 2708 de
762 2671 880 2708 literis
899 2671 1088 2721 praeclare
1109 2671 1346 2716 meritorum,
1361 2677 1469 2708 tanto
1490 2672 1680 2722 temporis

212 2729 415 2768 intervallo
436 2731 630 2769 exstitisse
656 2732 848 2771 neminem
873 2733 1079 2781 (schottus
1099 2734 1199 2771 enim
1219 2733 1260 2771 in
1281 2745 1439 2772 censum
1461 2745 1539 2770 non
1559 2734 1681 2780 venit,

213 2791 262 2829 de
282 2792 482 2830 voluntate
513 2794 650 2844 magis,
673 2807 788 2845 quam
811 2795 859 2833 de
891 2808 931 2833 re
961 2795 1198 2844 laudandus)
1226 2795 1294 2846 qui
1315 2801 1488 2833 oratores
1521 2794 1592 2833 hos
1613 2808 1681 2833 ex-

213 2853 414 2902 poliendos
437 2855 511 2893 sibi
542 2863 725 2894 sumeret.
781 2856 943 2895 Naenias
975 2864 1180 2895 recantant
1206 2858 1339 2895 nescio
1369 2870 1467 2908 quas
1499 2857 1680 2904 eroticas,

212 2915 336 2952 aetatis
365 2916 507 2956 iufimae
536 2919 585 2956 ad
617 2918 832 2956 barbariem
859 2918 943 2968 jam
976 2920 1181 2970 vergentis,
1208 2919 1311 2957 unde
1338 2918 1435 2956 nihil
1464 2918 1679 2957 admodum

209 2977 357 3023 discam
390 2978 474 3018 haec
496 2981 679 3019 sciturum
702 2987 738 3020 et
761 2982 1071 3033 gravissimarum
1093 2995 1222 3021 reruni
1245 2982 1359 3033 plena
1382 2981 1581 3021 Atticismi
1608 2983 1677 3020 ad-
