1916 3340
303 190 410 245 362
434 155 437 156 ⁷

301 307 362 328 non
382 302 442 334 est,
458 308 548 337 qnam
565 298 635 338 ipse
653 299 892 330 Demosthenes.
937 299 1025 329 Idem

302 345 351 371 est
367 351 402 372 ac
416 341 444 372 si
459 341 595 372 dixisset
611 341 739 382 ἐπιδείξει
753 341 849 373 ἑαυτὸν
864 342 966 381 γόητα.

346 384 423 416 ibid.
437 396 468 415 v.
482 387 512 416 8.
525 385 774 428 διηριθμημένους]
800 386 960 422 Delect0s‚
970 395 1025 414 ex-

303 432 440 468 cerptos,
465 429 640 467 distinctos,
666 434 698 460 et
728 431 758 459 in
788 440 859 459 suas
886 439 1025 469 quosque

303 472 419 502 classes
446 472 642 509 distributos,
667 478 760 512 atque
786 474 914 503 seorsim
945 478 1026 502 stare

300 516 417 553 jussos.
436 520 481 553 tu,
497 515 547 556 qui
565 527 633 546 eum
651 516 850 556 optimatibus
866 515 955 551 sacis,
970 516 1026 544 hac

303 559 359 589 ito.
377 562 421 595 tu,
444 559 496 598 qui
517 560 678 600 popularis
694 570 739 595 es,
760 560 842 589 illac.
865 564 898 589 ut
921 564 1027 598 pastor

304 612 403 642 pecus
419 603 601 639 dinumerat,
618 604 702 632 albas
719 614 735 632 a
752 602 848 641 nigris
870 612 1026 642 separans.

350 656 382 685 p.
399 648 473 678 266.
491 657 520 676 v.
537 649 567 676 4.
585 644 726 685 παιδείας]
750 645 868 675 Παιδεία,
881 646 911 675 h.
930 646 950 675 l.
970 649 1029 680 est,

304 688 446 725 honesta,
462 689 605 728 ingenua,
620 688 758 719 liberalis
774 689 950 728 disciplina,
970 699 1029 728 pu-

305 732 387 768 dica,
409 733 543 767 decoris,
566 732 732 771 aequitatis,
757 732 967 769 humanitatis,
998 735 1030 761 et

304 775 466 815 sapientiae
483 776 576 815 plena
591 776 717 805 vivendi
737 775 827 805 ratio.
849 776 941 805 bonne
963 785 1029 805 con-

305 820 401 849 duite.
421 820 511 858 eujus
527 818 558 847 in
575 818 741 859 praeceptis
758 823 849 858 negat
864 818 1030 848 AEschines

306 862 390 892 aliud
413 872 484 892 esse
504 862 702 901 praestantius
724 862 793 897 lioc,
818 863 862 900 μὴ
886 872 1029 900 μνησικα-

306 906 372 942 κεῖν,
389 905 535 936 facilitate
552 910 626 946 pnta
640 905 779 944 peccatis
796 905 925 935 aliorum
942 905 1029 945 igno-

310 948 430 979 scendi.

351 992 430 1022 ibid.
446 1002 476 1023 v.
489 995 520 1024 6.
539 991 721 1033 αὐθημερῶν]
748 993 809 1023 Aut
822 997 949 1022 accentu
965 1001 1032 1021 mu·

310 1039 374 1065 tato
402 1036 463 1076 leg.
489 1041 536 1066 est
559 1034 731 1076 αιῖθημέξων,
756 1041 808 1066 aut
831 1034 1034 1075 αὐθημερινῶν.

310 1078 477 1109 Orationes
492 1079 650 1120 αὐθημεξοι
669 1080 739 1119 (aut
757 1079 946 1119 αὐθημεξινοῖ)
964 1082 1035 1108 sunt

311 1133 368 1157 eae,
381 1133 448 1162 quae
461 1124 492 1152 in
509 1123 591 1153 diem
605 1123 723 1158 vivunt,
737 1128 859 1153 aetatem
874 1123 953 1152 ultra
965 1132 1033 1151 cum

312 1165 407 1202 diem,
424 1177 485 1205 quo
500 1172 677 1201 nascuntur,
694 1167 723 1197 h.
741 1178 767 1196 e.
785 1167 947 1201 habentur,
964 1176 1035 1203 pro-

311 1209 503 1246 nunciantur,
518 1210 600 1240 haud
614 1211 796 1245 extendunt,
813 1210 868 1239 sed
886 1212 1036 1238 commota

309 1263 478 1293 parumper
490 1254 650 1288 concione,
665 1264 770 1283 rursus
784 1255 890 1282 eadem
905 1262 1037 1291 vespera

312 1297 488 1336 exspirant,
502 1297 577 1327 etin
596 1297 785 1327 oblivionem
806 1298 928 1326 abeunt.
973 1295 1036 1325 Sed

309 1340 432 1379 praetuli
447 1339 618 1381 αὖθημεξέν.

359 1383 384 1423 ᾗ.
410 1383 463 1417 οβ’.
484 1395 515 1423 p.
534 1387 608 1415 266.
630 1396 659 1414 v.
680 1388 732 1416 12.
746 1385 866 1425 καινοὺς]
901 1386 964 1413 Aut
989 1386 1036 1412 est

317 1427 404 1462 alios,
426 1438 443 1457 a
467 1427 624 1467 prioribus
650 1429 804 1463 diversos,
826 1432 890 1462 aut,
910 1426 1036 1456 eosdem

315 1470 453 1510 quidem,
477 1476 568 1510 atque
595 1476 677 1508 ante,
705 1482 812 1502 verum
843 1470 1036 1510 superiorum

314 1514 518 1554 perjuriorum
533 1514 658 1551 oblitos,
672 1515 759 1554 quasi
776 1518 929 1544 recoctos.

358 1557 436 1587 ibid.
463 1569 493 1587 v.
513 1568 584 1597 pen.
603 1557 816 1599 περιγράψω-ε]
842 1557 925 1587 Dedi
946 1555 967 1586 εἰ
987 1566 1038 1586 πε·

315 1599 478 1642 ριγράψετε.
502 1600 534 1631 δι’
550 1611 592 1631 me
608 1612 622 1631 e
637 1604 755 1632 civitate
772 1602 885 1631 tolletis.

361 1655 393 1683 p.
421 1647 496 1675 267.
524 1656 552 1675 v.
580 1647 612 1675 4.
643 1644 887 1686 προβαλλόμενος]
920 1644 969 1673 De
1000 1642 1038 1672 iis

318 1693 496 1727 usurpatur,
517 1688 568 1727 qui
593 1689 713 1718 cautela
735 1689 877 1728 quadam,
898 1693 1040 1726 tanquam

319 1737 420 1767 scuto,
437 1742 500 1761 rem
517 1732 606 1770 quasi
623 1732 748 1761 valiant.
779 1733 838 1762 Est
854 1730 957 1770 itaque
974 1740 1042 1759 sen—

318 1775 427 1810 tentia,
447 1779 554 1814 quatu
576 1775 730 1811 cautione,
753 1786 813 1814 quo
834 1774 990 1814 prawidio,
1013 1773 1044 1802 in

318 1829 384 1858 rep.
402 1819 548 1858 gerenda,
562 1819 659 1848 latera
677 1820 743 1856 ejus
759 1815 1011 1848 communivisti?

364 1862 442 1892 ibid.
464 1873 494 1891 v.
510 1864 541 1891 7.
557 1861 698 1903 ἐξορμεῖς]
724 1862 805 1891 Urbs
829 1861 916 1900 quasi
937 1864 1045 1899 portus

319 1905 443 1946 quidam
461 1905 598 1944 lingitur,
615 1910 703 1935 extra
719 1916 808 1944 quem
822 1915 890 1943 quae
905 1904 993 1934 navis
1007 1904 1046 1933 ad

322 1949 487 1980 anchoram
505 1954 577 1985 stat,
597 1949 648 1978 illa
665 1948 793 1989 ἐξοξμεῖν
812 1949 936 1978 dicitur.
975 1948 1046 1977 stas

322 1994 362 2024 ad
377 1992 553 2028 anchoram,
577 1991 664 2032 quasi
687 1992 774 2023 navis
795 1992 934 2031 quaedam
958 1996 1046 2021 extra

323 2040 459 2077 portum,
474 2036 513 2065 ad
528 2037 629 2074 sugam
647 2041 763 2075 parata.

368 2079 394 2119 ξ.
410 2077 459 2117 ογ’.
484 2090 515 2118 p.
532 2081 606 2109 267.
633 2090 662 2109 v.
685 2080 739 2109 ult.
760 2078 919 2119 ἀτίμητος]
944 2081 1047 2110 Causa

324 2127 378 2153 tua
394 2133 453 2152 non
470 2127 517 2152 est
534 2133 572 2151 ex
598 2133 634 2151 eo
659 2133 769 2161 genere
793 2133 965 2159 cansarum,
981 2122 1046 2162 qui-

324 2167 384 2196 bus
411 2166 493 2205 quod
515 2175 607 2205 poena
628 2166 710 2195 nulla
728 2176 745 2195 a
767 2165 887 2204 legibus
913 2166 998 2195 dicta
1017 2170 1048 2194 et

324 2209 451 2240 definita
472 2213 530 2245 est,
546 2209 722 2239 accusatori
742 2219 838 2243 saure,
862 2213 914 2238 aut
935 2207 1047 2246 judici-

323 2254 382 2284 bus
402 2252 597 2282 inflammatis
618 2252 713 2282 liceat
735 2252 898 2282 immanem
927 2261 1048 2290 poenam

326 2307 382 2336 pro
397 2295 547 2326 arbitratu
565 2307 619 2326 suo
633 2295 781 2335 irrogare.

369 2339 396 2379 ᾗ.
413 2338 458 2369 08¹.
473 2349 504 2378 p.
518 2341 591 2369 270.
603 2350 633 2369 v.
649 2341 679 2369 6.
693 2338 836 2380 πρόσοδον]
855 2339 957 2376 Quam
970 2338 1047 2369 mire

325 2382 479 2422 Toupium
496 2383 645 2413 credibile
670 2387 717 2412 est
740 2384 930 2419 exsultasse,
952 2382 1048 2412 homi-

324 2437 396 2457 nem
412 2430 599 2465 portentosae
615 2425 796 2464 arrogantiae
819 2430 911 2465 atque
935 2426 1049 2465 impor-

325 2469 480 2506 vinitatis,
497 2474 528 2500 et
544 2469 603 2500 sibi
622 2469 777 2508 placuisse
794 2468 921 2499 invento
935 2480 990 2499 suo
1005 2480 1051 2499 κε-

327 2514 458 2554 φάλαιον.
475 2514 555 2552 quod
573 2513 667 2542 habet
682 2512 807 2552 quidem
820 2523 858 2541 ex
872 2512 1051 2542 alliteratio-

325 2567 364 2587 ne
388 2556 526 2586 nonnihil
548 2556 655 2595 gratiae
677 2555 828 2589 evanidas,
848 2556 903 2586 sed
926 2557 1054 2595 vulgata

329 2604 379 2630 est
395 2605 426 2630 et
437 2600 612 2635 obscurius,
622 2609 721 2638 neque
737 2597 880 2636 calidius,
897 2599 1052 2638 sapidius-

329 2654 379 2674 ve.
426 2643 559 2673 Debitor
573 2643 651 2673 enim
670 2653 740 2672 cum
756 2641 886 2682 perinde
902 2643 966 2672 dici
980 2653 1053 2682 pos-

330 2686 371 2717 sit
386 2686 540 2726 κεφάλαιον
554 2687 679 2722 habere,
694 2682 744 2716 cui
762 2695 863 2716 usurae
879 2686 1052 2725 pendendae

330 2735 416 2764 sunt,
439 2734 532 2769 atque
557 2730 705 2766 creditor,
723 2729 776 2769 qui
800 2728 917 2760 fructus
940 2729 1052 2768 capitis

330 2773 417 2803 illius
442 2773 588 2813 percipit,
610 2773 747 2809 dubites,
776 2776 878 2803 utrum
901 2773 1054 2813 κεφάλαιον

331 2816 411 2846 illud
428 2817 631 2851 fructuosum,
656 2827 693 2846 an
710 2817 892 2847 damnosum
908 2816 961 2852 sit,
977 2817 1053 2846 acti-

333 2869 419 2894 vum,
442 2863 477 2890 ut
507 2861 602 2900 vulgo
629 2865 791 2899 usurpant,
819 2870 856 2889 an
882 2860 1053 2899 passivum.

332 2902 456 2932 Deinde
472 2903 529 2932 hoc
552 2903 645 2933 modo
671 2903 699 2933 si
717 2903 813 2942 legas,
835 2905 925 2942 cujus
949 2908 1055 2933 auctor

333 2949 383 2975 est
409 2945 561 2984 Toupius,
594 2947 687 2976 homo
718 2946 892 2986 saepissime
918 2946 1055 2985 ineptus,

333 2986 446 3027 ubique
461 2988 600 3020 locorum
619 3000 727 3026 vanus,
747 2994 778 3019 et
796 2990 920 3030 iniquus
944 2990 1055 3029 suique

333 3032 524 3071 aliorumque
548 3032 729 3071 aestimator,
751 3043 824 3065 num
853 3033 926 3065 ideo
956 3033 1056 3072 magis

746 205 977 250 REISKII
1011 203 1344 249 ANNOTATA

1058 300 1219 330 sententiae
1228 299 1326 338 frigus
1340 300 1529 331 incalescet?
1553 300 1689 330 Acumen
1701 308 1784 329 seniw

1058 353 1115 382 per
1129 348 1176 374 est
1185 348 1349 382 manetque
1362 348 1414 374 aut
1427 343 1595 383 plebeium,
1609 346 1661 372 aut
1671 341 1782 381 quaesi-

1058 390 1135 422 tum,
1147 386 1276 417 insuave
1292 387 1375 417 idem
1392 391 1482 426 atque
1498 386 1673 416 ridiculum.
1716 385 1781 413 Ve-

1060 440 1127 459 rum
1157 430 1324 460 iracundiae
1351 435 1382 460 et
1410 429 1634 460 malevolentiae
1664 426 1782 457 inimici

1056 474 1151 512 jurati
1168 474 1259 504 facile
1276 473 1349 503 talia
1364 474 1583 504 condonantur.
1622 471 1781 501 Praeterea

1062 520 1134 546 sunt
1150 517 1282 547 vetustis
1299 528 1421 557 quoque
1435 517 1482 546 sui
1498 516 1678 554 naevi,quos
1695 517 1783 542 vetu-

1062 564 1126 589 stos
1142 566 1284 590 auctores
1308 561 1431 591 tametsi
1448 559 1551 599 magni
1570 558 1662 592 facio,
1684 555 1786 585 homi-

1061 613 1116 632 nes
1138 608 1238 634 tamen
1263 604 1348 640 novi,
1373 615 1433 634 non
1453 604 1544 639 sama,
1560 602 1615 632 sed
1631 610 1688 630 usu
1703 609 1784 634 meo,

1062 646 1183 677 similes
1199 647 1300 677 nobis.

1106 689 1131 729 ᾗ.
1147 690 1183 720 οὲ.
1197 702 1227 730 p.
1246 694 1320 721 ⁴270.
1344 701 1373 721 v.
1392 692 1421 721 8.
1438 688 1539 729 εἰπεῖν]
1568 688 1661 719 Wolf
1677 685 1786 716 suadet

1063 735 1229 773 ωξοειωεῖν.
1246 738 1358 771 motus,
1370 738 1406 763 ut
1417 734 1554 769 videtur,
1564 743 1581 761 a
1597 741 1690 761 versu
1708 732 1737 759 8.
1751 739 1782 767 p.

1063 779 1138 806 971.
1155 777 1210 806 sed
1223 777 1348 807 fallitur.
1392 777 1442 807 lbi
1457 776 1582 816 quidem
1598 778 1684 804 recte
1701 781 1788 813 προει-

1063 820 1126 849 πεῖν
1149 824 1329 859 usurpatum
1344 824 1392 850 est
1406 821 1445 849 ab
1460 824 1598 853 auctore,
1619 815 1788 847 calumnias

1064 863 1204 892 elevante
1233 869 1265 893 et
1290 863 1471 898 insectante,
1498 872 1572 901 quas
1595 859 1790 900 praevidebat

1066 906 1307 936 Demosthenem
1323 906 1355 936 in
1371 905 1550 936 defensione
1566 904 1664 933 adhuc
1681 902 1789 932 dicen-

1064 950 1105 978 da
1121 959 1296 988 sparsurum
1313 959 1393 980 esse.
1421 948 1504 979 Huic
1518 954 1619 977 autem
1633 946 1700 975 loco
1718 955 1788 974 ver-

1065 993 1137 1022 bum
1153 993 1228 1022 illud
1242 993 1323 1022 haud
1339 992 1497 1023 convenit.
1521 990 1693 1028 Ctesiphon
1706 987 1789 1017 enim

1067 1046 1128 1066 non
1141 1040 1264 1066 acturus
1281 1040 1344 1066 erat
1357 1036 1388 1065 in
1400 1035 1592 1069 AEscliinem,
1605 1033 1729 1071 sedjam
1741 1035 1789 1059 tn-

1066 1080 1144 1109 lerat
1170 1080 1270 1119 legem
1294 1090 1390 1109 suain.
1429 1081 1466 1109 In
1492 1089 1561 1108 eum
1579 1076 1675 1117 igitur
1696 1074 1790 1105 εἰπεῖν

1068 1124 1284 1158 conveniebat,
1300 1124 1400 1153 minus
1415 1122 1561 1164 προειπεῖν.

1112 1168 1188 1196 ibid.
1205 1178 1237 1197 v.
1255 1168 1309 1197 ult.
1326 1165 1465 1207 ἐλπίζειν]
1489 1163 1630 1201 Praetuli,
1651 1173 1710 1192 non
1727 1171 1789 1201 quo

1069 1210 1179 1240 melius
1197 1211 1238 1240 sit
1254 1211 1388 1250 vulgata,
1405 1211 1459 1240 sed
1476 1214 1509 1239 ut
1523 1207 1645 1249 planior
1662 1206 1705 1237 sic
1721 1205 1790 1244 ple-

1069 1254 1176 1293 risque
1197 1254 1366 1293 legentium
1382 1254 1564 1283 redderetur
1586 1250 1696 1288 oratio,
1717 1258 1793 1288 quo-

1069 1308 1138 1327 rum
1154 1298 1243 1327 multi
1262 1298 1405 1327 videntur
1425 1297 1504 1327 haud
1522 1294 1699 1325 assuevisse
1714 1290 1793 1321 mori

1070 1347 1227 1371 oratorum
1243 1341 1428 1377 Atticorum,
1444 1342 1481 1370 ab
1502 1339 1628 1378 obliqua
1651 1335 1792 1365 oratione

1071 1384 1109 1413 ad
1124 1390 1252 1420 rectam,
1262 1389 1293 1414 et
1305 1395 1412 1414 rursus
1429 1385 1466 1413 ab
1479 1384 1536 1413 hac
1550 1383 1587 1412 ad
1600 1381 1682 1411 illam
1695 1384 1794 1426 trans-

1070 1427 1204 1464 sitiendi,
1219 1427 1287 1457 sine
1303 1438 1457 1458 consensu
1472 1426 1614 1457 codicum
1635 1433 1693 1463 ego
1709 1431 1796 1461 eqni-

1071 1471 1139 1500 dem
1157 1471 1207 1500 liic
1224 1471 1297 1501 nibil
1312 1476 1492 1501 mutassem.

1114 1515 1139 1555 ᾗ.
1151 1514 1202 1550 (ις’.
1218 1525 1250 1554 p.
1264 1518 1340 1546 271.
1353 1526 1385 1545 v.
1399 1517 1429 1546 9.
1446 1513 1606 1554 ὠφέληται]
1627 1510 1709 1541 Dedi
1720 1506 1794 1548 ὠφέ-

1071 1565 1159 1589 ληται
1180 1561 1289 1594 πολλὰ,
1308 1557 1365 1589 ὑπ’
1380 1558 1450 1598 ἐμοῦ
1472 1557 1499 1588 δὲ
1519 1554 1795 1588 καταβέβλαπται.

1072 1602 1204 1632 Videtur
1221 1602 1251 1631 in
1268 1602 1453 1641 quibusdam
1464 1599 1655 1636 libris,unde
1668 1597 1794 1634 vulgata

1073 1649 1176 1675 nostra
1191 1645 1337 1681 manavit,
1353 1647 1459 1675 ’πολλὰ
1475 1644 1618 1674 iteratum
1638 1641 1735 1671 fuisse
1758 1639 1797 1668 ad

1074 1689 1155 1719 hune
1176 1689 1312 1725 modum,
1337 1687 1483 1727 ὠφέληται
1505 1688 1622 1722 πολλοὶ,
1647 1685 1746 1714 πολλὰ
1767 1681 1795 1712 δὲ

1075 1731 1127 1763 ὑπ’
1146 1731 1217 1772 ἐμοῦ
1237 1731 1504 1766 καταβέβλαπται.
1529 1741 1596 1770 quae
1612 1738 1672 1759 non
1688 1731 1736 1757 est
1750 1726 1797 1755 in«

1079 1776 1158 1806 scita
1173 1776 1278 1806 lectio.

1123 1819 1200 1849 ibid.
1222 1831 1253 1850 v.
1271 1822 1322 1850 16.
1339 1818 1574 1860 ωαςαλίωηται]
1600 1815 1679 1847 Dedi
1705 1824 1799 1855 παροι-

1080 1861 1234 1893 λείτσηται·
1249 1863 1433 1902 significatio
1447 1863 1526 1892 enim
1539 1861 1665 1901 passiva
1677 1859 1727 1888 liic
1745 1867 1800 1896 po-

1079 1906 1222 1942 stulatur,
1238 1916 1306 1945 quae
1321 1907 1406 1936 nulla
1422 1905 1515 1935 estin
1531 1915 1594 1934 aor.
1607 1914 1669 1933 sec.
1681 1900 1789 1931 medii.

1123 1949 1149 1989 ᾗ.
1175 1948 1224 1988 οζ’.
1242 1960 1273 1989 p.
1296 1952 1369 1980 27⁰2.
1394 1959 1424 1978 v.
1451 1952 1480 1980 8.
1504 1947 1641 1987 δαπάνης]
1680 1944 1799 1975 Δαπάνη

1081 1994 1110 2022 li.
1134 1993 1155 2023 l.
1180 1998 1227 2023 est
1251 1991 1342 2032 μανία
1367 1992 1416 2022 ’τοῦ
1441 1991 1566 2031 δαπανᾷν
1589 1987 1803 2030 prodigalitas,

1081 2037 1165 2066 furor
1180 2036 1372 2066 absumendi.

1125 2079 1151 2118 §.
1177 2080 1216 2110 οῆ.
1246 2089 1280 2118 p.
1306 2081 1382 2109 272.
1410 2090 1440 2109 v.
1464 2080 1516 2108 19.
1549 2074 1800 2117 προενεδεικνύμην]

1082 2123 1157 2154 Scil.
1175 2121 1226 2163 πρὸ
1250 2123 1300 2152 τοῦ
1318 2122 1422 2163 καιροῦ.
1448 2126 1609 2161 antequam
1625 2118 1803 2149 Alexander

1083 2176 1184 2195 rerum
1201 2166 1368 2205 potiretur.

1126 2209 1152 2248 ᾗ.
1170 2207 1216 2239 σθ’.
1230 2219 1262 2248 p.
1280 2210 1458 2240 mamae.
1471 2205 1602 2247 ἀξίωσιν]
1626 2206 1801 2245 Hoc‚quod

1084 2256 1115 2282 tn
1134 2252 1272 2291 postulas
1288 2252 1366 2289 fieri,
1378 2256 1410 2283 et
1426 2262 1443 2282 a
1458 2263 1507 2282 me
1524 2250 1639 2290 exigiS‚
1661 2253 1803 2288 tanquam

1083 2296 1215 2326 officium
1234 2295 1454 2330 necessarium,
1474 2300 1508 2325 ut
1533 2294 1600 2324 scil.
1617 2293 1664 2323 vir
1687 2292 1803 2328 civilis,

1083 2340 1192 2379 patriae
1214 2349 1332 2377 amans,
1353 2338 1386 2369 in
1408 2339 1476 2368 foro
1500 2336 1590 2377 quasi
1612 2336 1740 2372 habitet,
1763 2345 1803 2366 ex

1083 2393 1182 2422 eoque
1197 2393 1350 2422 nunquam
1367 2383 1510 2412 excedat.

1127 2427 1204 2456 ibid.
1219 2438 1249 2457 v.
1267 2426 1321 2456 ult.
1340 2425 1404 2468 ἐπὶ]
1430 2426 1471 2455 Et
1493 2424 1654 2460 sententia,
1671 2428 1703 2454 et
1719 2424 1808 2453 Grae-

1085 2480 1130 2500 cae
1152 2469 1267 2510 linguae
1281 2469 1360 2499 ratio
1375 2469 1512 2509 postulat
1534 2467 1596 2506 ἑξῆς
1610 2471 1808 2502 consentanee,

1085 2514 1289 2544 convenienter
1298 2513 1473 2551 temporibus
1480 2511 1731 2549 emolumentisque
1738 2509 1807 2539 suis.

1086 2556 1284 2587 Constructio
1307 2557 1373 2586 haec
1394 2559 1460 2585 est:
1484 2553 1600 2594 σημεῖόν
1621 2552 1700 2583 ἐστιν
1716 2550 1805 2591 &vagae

1087 2598 1313 2639 πολιτευομένου
1330 2598 1392 2638 ἑξῆς
1406 2598 1463 2628 τῶν
1477 2597 1577 2637 καιςῶν
1598 2595 1646 2626 καὶ
1661 2596 1712 2626 τοῦ
1728 2607 1806 2635 συμ-

1087 2642 1214 2684 φέροντος
1229 2642 1300 2684 [ἰδία
1315 2641 1419 2681 ἑαυτῷ,
1435 2640 1449 2672 ἢ
1462 2640 1510 2671 καὶ
1526 2638 1677 2681 δημοσία.]

1131 2686 1157 2726 §.
1172 2685 1215 2719 π’,
1231 2697 1262 2726 p.
1278 2688 1352 2716 273.
1370 2695 1402 2715 v.
1420 2689 1449 2716 8.
1465 2683 1535 2725 ἐμοῦ
1551 2682 1685 2724 φανερῶς]
1704 2679 1807 2712 Forsi-

1088 2735 1138 2760 tan
1154 2729 1409 2770 interponendum
1432 2728 1470 2758 οὐ.
1496 2727 1655 2766 interjectis
1674 2725 1809 2764 tempori-

1087 2774 1150 2809 bus,
1166 2773 1269 2813 quibus
1284 2783 1302 2802 a
1317 2782 1361 2802 me
1375 2782 1434 2801 non
1446 2770 1546 2810 palam
1561 2779 1590 2800 es
1604 2770 1764 2799 convictus.

1131 2816 1207 2846 ibid.
1220 2827 1251 2847 v.
1261 2819 1402 2856 antepen.
1418 2814 1432 2846 ἢ
1445 2813 1491 2844 δ’τε
1506 2812 1657 2853 Ἀθηναῖοι]
1676 2811 1781 2842 Malim
1793 2808 1808 2841 ἢ

1088 2857 1164 2901 εἶχον
1175 2857 1329 2894 Ἀθηναῖοι,
1345 2857 1391 2889 ὅτε
1404 2860 1498 2890 ’τὴν-

1131 2903 1156 2943 §.
1171 2902 1224 2934 πά.
1241 2914 1273 2942 p.
1286 2904 1327 2932 27
1330 2906 1360 2933 4.
1377 2913 1408 2932 v.
1423 2903 1455 2932 7.
1470 2898 1622 2940 Ἀναξίνου]
1645 2897 1809 2928 Anaxilam

1089 2946 1168 2976 hunc
1193 2956 1211 2976 a
1235 2945 1403 2976 Plutarcho
1430 2942 1593 2979 nominari,
1615 2941 1808 2980 Scrimgerus

1090 2989 1257 3019 admonuit.

1134 3033 1209 3064 ibid.
1227 3043 1256 3065 v.
1272 3035 1323 3065 16.
1337 3028 1493 3074 ἀνεζόησεν]
1513 3031 1559 3062 Ut
1573 3026 1716 3068 equidem
1730 3023 1809 3057 arbi-
