1899 3322
515 499 750 542 REISKII
786 499 1106 541 PRAEFATIO

228 649 342 703 AD
397 648 822 703 LIBELLUM
870 645 1396 702 VARIANTIUM

516 816 571 853 IN
611 815 886 853 AEscHINis
927 813 1108 851 Limus

605 951 1022 999 LECTIONUM.

90 1206 221 1249 QUAS
236 1206 310 1244 hoc
327 1206 461 1244 libello
473 1205 850 1257 exposuiVariantes
866 1204 1073 1241 Lectiones
1088 1203 1324 1248 AEschineas‚
1341 1210 1547 1252 antequam

92 1269 141 1305 ad
162 1281 227 1306 eas
247 1267 543 1319 cognoscendas
564 1267 820 1305 admittantur
838 1265 1032 1304 AEschiuis
1054 1265 1231 1309 studiosi,
1252 1265 1421 1302 docendi
1444 1273 1548 1309 suut,

94 1330 235 1381 quibus
252 1344 272 1368 e
292 1330 402 1368 libris
423 1343 486 1368 eas
506 1329 714 1368 hauserim.
771 1328 928 1366 Fundus
943 1327 1017 1365 fuit
1034 1327 1212 1364 volumen
1228 1326 1265 1363 in
1283 1326 1433 1363 schedis
1449 1326 1550 1377 Tay-

93 1391 236 1430 loranis
250 1391 429 1430 Londino
449 1392 497 1429 ad
513 1405 570 1429 me
584 1391 792 1442 perlatum,
806 1390 912 1440 quod
933 1388 1113 1427 volumen
1134 1394 1239 1425 tenet
1254 1389 1402 1425 evulsas
1419 1402 1438 1425 e
1454 1389 1551 1425 Cor-

93 1468 189 1506 pore
206 1456 438 1494 Graecorum
454 1462 652 1493 oratorum
670 1454 857 1492 minorum
876 1452 1114 1503 Stephanico
1135 1451 1236 1488 solas
1259 1450 1452 1487 AEschinis
1467 1464 1551 1487 ora-

92 1517 234 1561 tiones,
259 1517 405 1554 chartis
433 1515 586 1553 insertis
612 1515 830 1561 distinctas,
852 1515 993 1565 quibus
1015 1513 1156 1552 chartis
1185 1513 1327 1563 Taylor
1347 1512 1551 1550 Variantes

91 1574 303 1628 adscripsit
320 1578 525 1615 Lectiones
539 1591 559 1614 a
581 1590 621 1615 se
637 1583 813 1628 repertas
830 1577 876 1615 iis
891 1577 926 1613 in
945 1575 1164 1620 codicibus,
1178 1588 1339 1622 quorum
1355 1575 1426 1624 ipsi
1440 1574 1552 1625 copia

93 1639 180 1678 fuit.
237 1640 350 1683 Quos
379 1640 536 1677 codices
563 1640 682 1690 paulo
714 1646 805 1690 post
835 1638 1057 1676 nominabo.
1115 1636 1318 1673 Falluntur
1347 1636 1463 1677 enim,
1487 1635 1553 1685 qui

93 1701 327 1748 existimant,
348 1715 426 1752 quo
448 1702 487 1739 in
514 1715 642 1740 errore
664 1708 817 1752 egomet
845 1701 926 1751 ipse
949 1712 1106 1750 quoque
1133 1698 1223 1735 olim
1251 1697 1321 1742 fui,
1345 1704 1551 1747 antequam

93 1763 250 1801 schedis
279 1763 434 1814 Taylori
463 1764 621 1813 potirer,
651 1777 672 1800 a
702 1763 928 1801 doctissimo
950 1761 1146 1799 AEschinis
1165 1760 1314 1798 editore
1349 1759 1554 1796 Lectiones

94 1824 320 1863 AEschineas
339 1838 486 1871 omnes,
506 1826 544 1863 in
563 1825 883 1863 annotationibus
904 1824 988 1873 ejus
1009 1823 1200 1861 exhibitas
1221 1822 1353 1859 fuisse.
1410 1821 1555 1871 Taylor

94 1886 289 1924 enimvero
309 1894 455 1936 partem
470 1899 599 1925 earum
621 1886 879 1933 solummodo,
895 1886 955 1923 vix
975 1886 1142 1931 tertiam,
1158 1883 1356 1922 retulerat.
1412 1883 1458 1919 In
1481 1882 1554 1919 hoc

93 1954 223 1986 autem
244 1948 429 1998 Stephani
447 1949 667 1998 exemplum
688 1947 907 1986 contulerat
935 1947 1163 1985 collationes
1187 1945 1382 1990 codicum,
1406 1943 1553 1982 Locke-

95 2011 190 2056 rani,
212 2010 433 2061 Harleyani,
455 2017 493 2048 et
512 2024 558 2047 ex
587 2017 695 2061 parte
718 2011 918 2048 Meadiani
948 2022 1120 2059 quoque,
1137 2008 1306 2057 denique
1329 2005 1556 2044 Bernardini

94 2071 225 2109 etiam.
259 2072 292 2108 E
313 2071 522 2109 Meadiano
543 2072 814 2110 tantummodo
836 2071 1022 2109 lectiones
1042 2071 1089 2108 ad
1108 2069 1324 2107 orationem
1346 2067 1555 2105 secundam

95 2141 134 2172 et
155 2133 306 2178 tertiam
332 2133 568 2184 pertinentes
591 2134 681 2172 huic
702 2134 940 2184 Stephanino
960 2132 1140 2182 exemplo
1159 2130 1445 2180 adscripscrat:
1467 2142 1553 2167 nam

96 2194 144 2233 ad
168 2195 327 2244 primam
349 2196 588 2245 pertinentes
605 2196 787 2232 retulerat
803 2195 851 2232 ad
873 2194 976 2232 aliud
999 2194 1194 2238 volumen,
1217 2191 1361 2230 chartis
1382 2191 1474 2228 item
1497 2190 1557 2227 di-

97 2256 297 2304 stinctum,
316 2262 451 2294 tenens
468 2257 686 2306 exemplum
700 2256 887 2294 orationis
907 2256 943 2294 in
965 2255 1214 2293 Timarchum
1235 2267 1257 2291 a
1279 2267 1318 2291 se
1339 2253 1469 2291 editae.
1510 2252 1556 2288 In

98 2317 173 2355 hoc
199 2317 418 2367 exemplum
448 2317 633 2356 editionis
660 2319 890 2370 Tayloranae
922 2317 1147 2367 conjecerat
1172 2323 1319 2368 praeter
1339 2315 1557 2352 Varietates

99 2379 293 2417 Lectionis
310 2393 331 2417 e
344 2379 483 2417 codice
501 2380 710 2419 Meadiano
724 2380 962 2431 depromtas,
974 2380 1088 2418 etiam
1107 2378 1265 2417 Scholia
1278 2377 1325 2415 ad
1344 2376 1558 2414 orationem

97 2440 380 2485 Timarcheam,
397 2453 420 2478 a
440 2440 524 2478 solo
544 2441 683 2479 codice
700 2441 911 2479 Meadiano
932 2441 1195 2492 suppeditata.
1253 2439 1410 2477 Scholia
1430 2443 1558 2474 autem

97 2514 118 2539 e
140 2501 381 2540 Bernardino
401 2501 608 2553 depromta
621 2503 660 2540 in
681 2503 748 2541 illo
764 2504 888 2540 altero
908 2503 1102 2541 volumine
1121 2500 1363 2552 Stephanino
1379 2511 1559 2537 exarave-

98 2569 170 2601 rat.
227 2563 389 2602 Codicis
418 2564 616 2603 Meadiani
643 2564 742 2603 hanc
775 2564 860 2615 ipse
892 2565 1070 2602 notitiam
1101 2564 1273 2614 reliquit.
1333 2561 1451 2612 [Cod.
1476 2559 1560 2596 Viri

98 2625 448 2675 praecellentissimi
467 2626 553 2665 Ric.
574 2626 693 2664 Mead
725 2626 835 2664 Med.
858 2627 908 2665 D.
937 2626 1143 2671 Archiatri,
1168 2625 1442 2674 bombycinuS,
1465 2620 1559 2658 scri-

99 2694 188 2737 ptus
209 2699 323 2726 manu
342 2688 525 2739 eleganti,
547 2688 614 2728 sed
636 2688 857 2736 recentiori,
880 2689 918 2727 in
944 2688 1052 2733 folio,
1072 2701 1159 2726 cum
1183 2687 1342 2724 scholiis
1371 2683 1561 2733 margina-

100 2749 213 2794 libus,
233 2750 506 2801 complectitur
535 2755 573 2790 1.
603 2751 795 2790 AEschinis
821 2764 879 2789 or.
908 2754 989 2802 περὶ
1013 2747 1273 2801 παραπρεσβ.,
1303 2752 1339 2786 2.
1371 2749 1453 2798 περὶ
1483 2762 1563 2784 στε-

100 2811 231 2861 φάνου,
275 2815 312 2851 3.
342 2813 531 2864 epistolas
563 2814 672 2861 X11.‚
698 2821 737 2853 et
759 2814 898 2854 deiude
928 2827 1043 2852 manu
1068 2814 1313 2862 aliquantum
1343 2811 1498 2848 diversa
1522 2813 1561 2848 4.

100 2872 312 2910 orationem
334 2873 371 2911 in
391 2874 658 2923 Timarchum,
698 2881 735 2914 5.
766 2876 1000 2926 Pythagorae
1029 2887 1145 2912 aurea
1178 2874 1361 2918 carmina,
1400 2875 1439 2908 6.
1471 2871 1562 2908 Hie-

102 2933 216 2970 roclis
240 2935 459 2974 Comment.
480 2935 529 2974 ad
558 2936 623 2975 illa
651 2937 835 2976 carmina.
893 2939 996 2974 Ante
1025 2936 1237 2973 orationem
1266 2934 1427 2985 primam
1448 2945 1561 2982 argu-

99 3001 269 3036 mentum
277 3001 341 3038 τοῦ
356 3007 421 3044 τῆς
429 3013 596 3050 παραπρ.
607 2999 720 3049 enjus
732 2999 883 3037 initium
894 3000 1086 3045 Ἀθηναῖοι
1097 2997 1270 3050 Φιλίππῳ
1280 2997 1561 3046 πολεμήσαντες

834 3064 859 3097 3
881 3069 904 3100 1⁸
