1965 3322
544 204 626 244 DE
659 201 943 245 AESCHINE
975 198 1279 242 ORATORE.
1550 195 1643 238 xliii

176 309 290 348 nibus
319 323 405 348 cum
433 309 656 348 adversario
682 309 956 360 potentissimo
983 308 1218 355 decertarat,
1241 299 1504 343 innocentiam
1534 317 1639 343 suam

174 378 351 418 testatur,
373 372 648 411 Demosthenis
664 371 945 422 malignitatem
965 377 1004 409 et
1023 368 1326 408 fraudulentiam
1348 367 1586 416 criminatur,
1608 366 1643 403 ei

174 434 353 472 invidiam
384 434 540 479 conflat,
570 447 638 471 sua
667 433 706 470 in
734 433 1018 483 rempublicam
1040 430 1242 476 beneficia,
1273 429 1581 467 benevolentiam
1604 434 1643 466 et

176 496 480 533 moderationem
502 495 676 532 modeste
697 501 993 539 commemorat,
1025 500 1225 544 patronos,
1261 490 1556 528 honestissimos
1587 489 1643 525 vi-

176 569 256 608 ros,
290 557 470 601 advocat,
505 556 794 606 deprecatores,
830 562 1041 606 parentem.
1076 567 1219 600 senem,
1255 553 1393 591 fratres
1425 552 1571 589 meritis
1606 551 1644 588 in

176 619 455 669 rempublicam
473 618 613 663 claros,
634 625 713 655 tres
730 618 888 663 liberos,
911 623 1027 655 aetate
1043 616 1237 661 innoxios,
1253 615 1428 664 periculo
1446 613 1566 664 patris
1587 613 1645 650 in-

175 679 307 718 felices
328 686 366 717 et
386 679 625 717 miserandos
645 680 683 717 in
704 686 960 730 conspectum
976 678 1156 728 judicum
1176 676 1354 722 adducit,
1385 690 1423 714 se
1453 677 1578 726 ipsum
1606 675 1646 712 in

178 749 285 780 tanta
306 743 526 780 calamitate
547 742 849 793 imperterritum
880 742 1067 787 ostendit,
1097 741 1184 790 plus
1214 740 1262 778 de
1293 739 1396 777 fama
1425 746 1463 776 et
1493 738 1646 776 miseria

176 801 344 850 suorum,
367 818 482 855 quam
505 805 555 842 de
585 810 708 842 morte
730 803 1152 853 sollicitus,judicibus
1183 809 1221 840 et
1248 802 1417 851 legibuS,
1450 808 1491 838 ut
1521 801 1646 838 virum

173 859 317 904 fortem'
346 873 386 904 et
419 867 622 904 honestum
659 866 788 912 decet,
811 866 928 904 vitam
963 871 1003 903 et
1035 866 1197 903 salutem
1233 878 1386 902 omnem
1424 863 1647 902 committit.

173 928 219 966 In
249 928 325 967 fine
359 928 544 967 orationis
578 935 716 967 contra
751 929 1065 979 Ctesiphontem,
1090 928 1318 965 violatarum
1348 927 1474 977 legum
1497 926 1646 964 crimen

174 997 302 1041 auget,
332 991 637 1029 Demosthenem
669 991 918 1041 reliquosque
947 996 1135 1041 patronos
1167 989 1308 1038 rejicit,
1331 1002 1352 1026 a
1373 988 1645 1038 Ctesiphonte,

176 1059 219 1090 ut
237 1053 319 1102 ipse
338 1066 410 1103 pro
431 1066 472 1091 se
499 1053 622 1098 dicat,
652 1053 835 1103 postulat,
868 1053 1023 1089 modum
1055 1051 1290 1089 defensionis
1320 1050 1554 1101 praescribit,
1579 1051 1646 1100 ju-

175 1113 296 1159 dices,
320 1121 362 1152 ut
381 1115 457 1152 sint
477 1114 599 1152 severi
620 1121 658 1151 et
674 1114 747 1152 sibi
768 1127 790 1151 a
808 1114 943 1152 fraude
965 1113 1272 1151 adversariorum
1303 1119 1479 1161 caveant,
1513 1113 1647 1150 horta-

174 1181 252 1220 tur,
273 1175 464 1221 Solonem,
486 1175 712 1221 Aristidem,
742 1175 1064 1221 Themistoclem,
1096 1175 1127 1212 si
1155 1187 1271 1212 aurea
1301 1187 1449 1213 corona
1477 1174 1648 1213 donetur

176 1237 477 1282 Demosthenes,
501 1237 768 1287 indignaturos
789 1251 972 1288 aegreque
993 1238 1138 1275 laturos
1159 1250 1242 1275 esse
1272 1236 1406 1283 docet,
1436 1236 1473 1274 in
1505 1249 1647 1288 campo

178 1299 428 1337 Marathonio
443 1306 483 1336 et
507 1298 555 1336 ad
576 1299 742 1336 Plataeas
763 1313 953 1337 caesorum
976 1312 1049 1350 pro
1070 1298 1195 1349 patria
1222 1311 1366 1345 manes,
1387 1304 1426 1335 et
1456 1298 1648 1347 majorum

179 1361 358 1410 sepulcra
391 1360 583 1410 ejulatura
620 1374 839 1412 vocemque
868 1368 1004 1399 contra
1036 1361 1339 1399 Demosthenem
1372 1361 1560 1399 emissura
1588 1361 1646 1399 in-

175 1422 466 1472 dignabundam
489 1428 526 1461 et
547 1422 716 1460 flebilem
736 1429 916 1468 testatur,
938 1423 1031 1461 etin
1052 1422 1137 1472 ejus
1155 1422 1521 1460 condemnationem
1539 1422 1648 1469 deos,

176 1484 282 1531 deas,
305 1486 519 1522 universam
551 1491 728 1522 naturam
761 1485 945 1534 appellat.
1004 1485 1110 1536 Ergo
1139 1485 1256 1523 etiam
1286 1485 1326 1523 in
1355 1485 1430 1523 hac
1459 1484 1646 1525 orationis

176 1553 286 1597 parte
307 1559 468 1598 magnus
488 1553 527 1584 et
546 1546 763 1597 probabilis
783 1554 914 1585 orator
934 1546 1159 1585 AEschines.

711 1692 741 1734 S
758 1692 796 1733 E
811 1693 846 1735 C
861 1694 916 1735 T.
962 1693 1104 1735 VIII.

792 1791 1012 1830 Conclusio.

228 1877 314 1916 Jam
335 1891 434 1929 opus
454 1884 512 1916 est
532 1877 697 1928 disjecta
718 1879 891 1918 membra
911 1886 951 1918 et
970 1879 1130 1918 seorsim
1148 1884 1326 1932 spectata
1354 1880 1392 1918 in
1414 1893 1531 1919 unum
1561 1893 1647 1920 cor-

175 1953 249 1991 pus
265 1940 448 1991 colligere
465 1949 505 1979 et
520 1941 722 1991 imaginem
743 1942 959 1993 exprimere
980 1943 1214 1993 eloquentiae
1227 1942 1434 1981 AEschinis.
1492 1944 1649 1995 Perspi-

175 2015 271 2040 cuus
288 2002 404 2053 igitur
421 2010 462 2041 et
481 2003 667 2042 facilitate
691 2005 1038 2055 coneipiendarum
1060 2005 1270 2055 imaginum
1291 2005 1463 2051 evidens,
1492 2012 1649 2043 senten-

177 2065 240 2104 tiis
269 2073 308 2104 et
337 2067 537 2105 verborum
569 2067 741 2118 pondere
771 2068 960 2114 sublimis,
981 2068 1117 2118 gravis,
1139 2068 1319 2113 acerbus,
1341 2069 1562 2119 vehemens,
1583 2082 1650 2107 va-

176 2127 312 2166 rietate
342 2129 539 2179 copiosus,
561 2137 733 2176 ornatus,
754 2131 942 2168 tenuitate
962 2130 1140 2180 simplex,
1157 2130 1343 2168 orationis
1362 2130 1571 2169 festivitate
1592 2129 1649 2168 fa-

177 2195 299 2234 cetus,
325 2189 540 2238 jucundus,
571 2191 855 2242 compositione
889 2192 1000 2236 lenis,
1031 2190 1164 2241 figuris
1196 2192 1337 2238 varius,
1368 2193 1646 2232 sententiarum

176 2251 346 2290 novitate
365 2252 504 2297 audax,
526 2254 562 2291 in
583 2253 814 2292 inveniendo
844 2253 1037 2304 locuples,
1068 2253 1108 2290 in
1138 2253 1293 2291 delectu
1322 2261 1362 2292 et
1390 2254 1525 2292 ordine
1554 2268 1648 2305 pru-

177 2313 288 2359 dens,
319 2327 446 2352 rerum
467 2329 537 2353 usu
557 2316 735 2364 callidus,
756 2315 926 2354 moribus
947 2315 1129 2352 notandis
1150 2316 1383 2365 probabilis,
1406 2316 1442 2353 vi
1463 2323 1502 2354 et
1530 2317 1646 2367 copia

177 2383 487 2425 argumentorum
514 2382 553 2414 et
571 2377 778 2416 affectibus
799 2377 847 2415 ad
868 2376 1172 2416 commovendos
1193 2377 1388 2416 hominum
1409 2378 1558 2416 animos
1587 2378 1645 2416 in-

176 2444 347 2475 structus
364 2446 402 2476 et
421 2445 593 2489 paratus.
650 2440 773 2478 Recte
790 2453 894 2490 ergo,
916 2445 959 2477 ut
980 2438 1142 2484 videtur,
1167 2439 1378 2490 Dionysius
1397 2440 1645 2480 Halicarnas-

177 2498 299 2537 sensis
320 2500 541 2541 AEschinem
561 2503 660 2542 inter
679 2501 876 2553 principes
895 2507 1068 2540 oratores
1090 2500 1319 2541 numeravit.
